3250 5025
1179 345 1640 400 'rnnonossus
1688 343 2273 398 mopsuest-nnus
2672 329 2829 414 [ΙΙΙ.
2865 345 2921 390 2.

509 355 626 403 102

501 518 685 604 quod
729 537 771 582 a
813 515 1022 582 Paulo
1063 516 1334 600 quidem
1381 515 1767 580 abdicatum
1815 526 1937 582 est.
2028 517 2173 582 uult
2214 516 2391 581 enim
2437 527 2513 580 ut
2558 516 2669 581 ille
2704 518 2918 600 quiin

502 620 960 702 episcopatum
1001 617 1355 681 adducitur
1393 617 1851 682 testimonium
1884 639 2042 683 suae
2088 618 2407 683 bonitatis
2439 640 2529 683 ex
2563 621 2919 702 praeterita

501 721 642 785 uita
687 719 932 785 habere
976 720 1299 796 uideatur,
1330 721 1441 803 qui
1476 730 1542 784 et
1588 741 1709 803 per
1742 742 1943 785 omne
1988 731 2255 805 tempus
2299 724 2479 786 uitae
2522 743 2684 786 suae
2714 723 2918 786 uirtu-

502 831 650 884 tum
697 822 934 886 studiis
993 822 1297 898 inhaesit,
1352 831 1471 886 aut
1529 833 1709 887 certe
1762 824 2177 906 poenitentia
2236 826 2575 889 mediante
2624 824 2919 888 ostendit

444 925 822 1010 Squoniam
871 946 912 989 a
962 927 1272 991 deteriori
1320 926 1461 990 uita
1521 926 1608 989 ad
1662 927 2005 990 meliorem
2057 937 2307 992 statum
2369 929 2649 992 transiit.
2737 927 2917 1010 quod

505 1037 574 1094 et
612 1028 848 1092 melius
888 1022 1292 1113 cognoscere
1330 1031 1700 1114 poterimus
1745 1053 1834 1095 ex
1871 1030 2001 1095 illis
2038 1053 2211 1114 quae
2246 1033 2752 1115 subsequuntur.
2842 1032 2919 1098 fit

505 1137 708 1201 etiam
742 1137 808 1200 id
842 1146 909 1201 et
941 1136 1028 1201 ad
1059 1155 1376 1218 praesens
1417 1154 1458 1197 a
1497 1134 1823 1217 plurimiS‚
1866 1135 1981 1218 qui
2024 1135 2119 1199 ita
2158 1135 2225 1198 id
2275 1134 2528 1200 faciunt
2572 1137 2762 1220 quasi
2805 1137 2918 1220 qui

506 1262 825 1327 magnum
867 1238 1118 1321 aliquid
1169 1246 1380 1320 agunt
1424 1237 1698 1302 bonum.
1788 1237 1970 1320 quod
2014 1257 2173 1319 ergo
2218 1238 2415 1314 dixit,
2454 1239 2654 1302 unius
2700 1240 2921 1303 uxoreis·

504 1349 745 1423 uirum,
804 1342 1079 1428 quidam
1137 1342 1234 1404 sic
1295 1339 1789 1415 intellexerunt,
1849 1341 2035 1422 quod
2094 1350 2163 1405 et
2223 1361 2351 1423 ego
2412 1342 2628 1424 magis
2686 1361 2918 1406 uerum

403 1473 481 1523 10
506 1451 776 1534 accipi0,
809 1468 890 1512 eo
921 1446 1100 1531 quod
1134 1445 1250 1508 illo
1277 1446 1352 1513 ,in
1381 1454 1685 1528 tempore
1726 1444 1918 1510 multi
1952 1454 2143 1509 erant
2173 1447 2287 1529 qui
2326 1447 2392 1510 in
2430 1446 2720 1529 idipsum
2752 1448 2921 1512 duas

505 1613 956 1701 ἀπηγόρευται
997 1611 1119 1694 μὲν
1156 1611 1344 1699 παρὰ
1387 1614 1482 1699 τῷ
1523 1611 1797 1699 Παύλῳ,
1833 1611 2216 1698 βουλομένῳ
2254 1610 2369 1678 τὸν
2414 1611 2505 1681 εἷς
2546 1608 2923 1685 ἐπισκοπην

504 1716 822 1800 ωγόμενον
862 1715 1232 1802 μαρτυρίαν
1275 1713 1427 1780 τινὰ
1460 1718 1572 1797 τῆς·
1618 1713 1855 1779 ἑαυτοῦ
1890 1713 2383 1803 καλοκᾴγαθιάς
2428 1709 2564 1778 ἀπὸ
2596 1715 2713 1777 τοῦ
2752 1738 2922 1800 ταρ-

505 1820 813 1891 ελθόντος
881 1819 1253 1902 ἐπάγεσθαι
1309 1818 1484 1898 βίου,
1543 1816 1692 1900 ἤτοι
1751 1817 2039 1884 πάντοτε
2109 1816 2427 1902 ’γεγονότα
2505 1821 2818 1893 τοιοῦτον,
2876 1814 2917 1894 ἢ

503 1924 904 2014 μεταμελειά
948 1927 1110 2006 γοῦν
1171 1920 1583 2006 δεικνύμενον
1642 1920 1747 1986 ὅτι
1797 1919 1872 2001 δι)
1933 1919 2068 1987 ἀπὸ
2120 1924 2237 1986 τοῦ
2286 1919 2586 2010 χείρονος
2644 1918 2757 1984 ἐπὶ
2809 1916 2922 1985 τὸν

403 2053 474 2121 15
505 2026 846 2112 κρείττονα
878 2023 1324 2110 μετελήλυθεν
1352 2024 1527 2104 βίον,
1566 2021 1600 2088 ὃ
1638 2023 1751 2090 καὶ
1790 2022 2053 2107 ἄμεινον
2092 2021 2403 2108 εἰσόμεθα
2432 2019 2566 2089 ἀπὸ
2597 2025 2727 2090 τῶν
2758 2022 2924 2106 ἑξῆς·

503 2128 756 2213 γίνεται
795 2128 867 2196 δὲ
902 2128 1090 2216 παρὰ
1126 2132 1409 2199 πολλοῖς
1451 2127 1608 2207 νυνί,
1641 2125 1727 2199 ὥς
1757 2153 1824 2194 τι
1854 2127 1968 2194 καὶ
1992 2125 2314 2212 μέγιστον
2343 2125 2924 2214 διαπραττομένοις

505 2231 736 2298 καλόν.

636 2334 714 2402 τὸ
761 2334 877 2403 οὖν
911 2341 1047 2402 Μιᾶε
1087 2339 1364 2411 ΓγΝαικόσ
1409 2336 1607 2422 &wespa
1643 2333 1813 2405 τινὲς
1854 2331 2059 2423 οὕτως
2104 2331 2449 2417 ἐξέλαβον,
2483 2329 2518 2399 ὃ
2564 2331 2678 2399 καὶ
2721 2332 2925 2416 ἔγωγε

505 2442 772 2523 μᾶλλον
830 2437 1071 2520 ἀληθὲς
1130 2436 1293 2504 εἶναι
1351 2436 1685 2520 πείθομαι·

605 2615 635 2663 3
667 2598 822 2664 etqui
845 2605 895 2648 et
923 2598 966 2648 C
978 2597 1006 2624 ⁴*

533 2682 543 2746 Ι
573 2697 668 2745 ego
689 2681 794 2730 dixi
819 2680 936 2744 (for
955 2695 1074 2745 ergo
1097 2680 1243 2740 dixit)
1273 2680 1318 2729 C

570 2805 620 2858 6.
677 2807 751 2872 fit
771 2808 922 2857 etiam
946 2807 1007 2856 id
1028 2814 1077 2857 et
1095 2806 1426 2871 adpraesens]
1462 2808 1504 2857 1.
1519 2824 1562 2858 e.
1582 2808 1671 2858 the

509 2888 798 2954 promotion
826 2896 878 2939 to
904 2889 1026 2953 holy
1048 2889 1220 2938 orders
1242 2889 1301 2937 of
1323 2904 1531 2953 persons
1553 2890 1669 2939 who

508 2970 680 3019 before
717 2969 848 3019 their
884 2970 1103 3034 baptism
1137 2970 1238 3019 had
1269 2971 1397 3020 been
1427 2978 1516 3022 not
1549 2972 1672 3036 only

508 3050 785 3115 digamists,
813 3048 907 3100 but
926 3050 1184 3119 unchaste.

573 3148 621 3200 9.
692 3134 894 3197 quidam
917 3134 984 3183 sic
999 3133 1366 3195 intellexemnt]
1413 3134 1484 3185 So
1513 3150 1669 3199 appa·

507 3217 674 3281 rently
729 3217 904 3281 Chrys.
963 3217 1035 3265 ad
1077 3217 1126 3265 Ιι.
1176 3218 1242 3265 t..·
1299 3218 1392 3276 τὴν
1443 3214 1672 3281 ἀμετρίαν

509 3297 718 3349 κωλύων·
746 3300 912 3357 ἐπειδὴ
941 3300 1022 3348 ἐπὶ
1049 3296 1146 3347 τῶν
1177 3298 1418 3347 Ἰουδαίων
1449 3300 1560 3359 ἐξῆν
1591 3300 1673 3348 καὶ

511 3382 746 3442 δευτέροις
767 3377 949 3437 ὁμιλεῖν
963 3377 1138 3441 γάμοις
1161 3380 1242 3428 καὶ
1261 3376 1343 3428 δῦο
1363 3382 1496 3440 ἔχειν
1519 3380 1672 3429 κατὰ

507 3464 727 3512 ταυτὸν
770 3464 1011 3523 γυναῖκας.
1086 3464 1186 3513 Yet
1221 3478 1289 3513 on
1326 3464 1430 3512 Tit.
1465 3463 1499 3512 i.
1542 3460 1573 3511 6
1605 3464 1673 3513 he

509 3545 644 3595 sides
677 3545 798 3595 with
833 3544 918 3595 the
949 3561 1184 3594 common
1217 3546 1346 3595 view
1381 3542 1483 3605 (οὐκ
1517 3541 1675 3605 ἀφιεὶς

508 3625 632 3683 μετὰ
655 3625 875 3687 δευτέρου
895 3621 1052 3685 γάμου
1084 3624 1174 3684 τὴν
1197 3623 1354 3689 α’ρχήν
1379 3626 1671 3687 ἐγχειρίζεσ-

510 3707 591 3755 Ocu
634 3702 990 3765 ταὺτην...ῐστε
1024 3704 1126 3768 γὰρ
1166 3703 1394 3765 ἅπαντες,
1435 3708 1561 3763 ἴστε,
1595 3708 1673 3755 ὅτι

509 3788 633 3849 εἰμὴ
653 3789 921 3837 κεκώλυται
952 3787 1088 3849 παραὶ
1109 3788 1204 3836 τῶν
1235 3788 1390 3848 νόμων
1425 3790 1482 3837 τὸ
1515 3789 1671 3837 δευτέ-

507 3885 608 3931 ροις
631 3868 812 3927 ὁμιλεῖν
833 3865 1023 3930 γάμοις,
1049 3866 1159 3917 ἀλλ’
1181 3870 1306 3925 ὅμως
1335 3866 1526 3919 πολλὰς
1567 3870 1675 3931 ἔχει

509 3954 568 4001 τὸ
597 3953 802 4014 πρᾶγμα
836 3954 1145 4016 κατηγορίας.
1215 3951 1436 4017 Perhaps
1459 3950 1544 4000 the
1567 3950 1673 4001 first

510 4032 568 4082 of
614 4032 755 4081 these
799 4040 1014 4081 extracts
1069 4039 1349 4096 represents
1395 4018 1489 4081 'the
1543 4032 1673 4081 view

511 4112 678 4163 which
721 4113 786 4163 he
824 4114 926 4162 had
971 4112 1215 4162 inherited
1255 4113 1384 4163 from
1423 4113 1669 4173 Diodore,

511 4198 599 4247 the
635 4197 784 4246 latter
831 4196 918 4245 the
951 4196 1246 4261 judgement
1286 4203 1339 4246 to
1384 4195 1548 4245 which
1593 4196 1674 4245 his

513 4290 626 4328 own
659 4277 801 4327 mind
836 4276 938 4327 had
971 4278 1100 4327 been
1127 4277 1209 4326 led
1232 4277 1298 4341 by
1322 4278 1407 4326 the
1441 4275 1673 4341 ripening

511 4360 805 4425 experience
857 4360 918 4411 of
969 4359 1070 4411 lise.
1141 4360 1296 4408 Thdt.
1345 4357 1494 4407 holds
1549 4358 1673 4407 with

513 4439 880 4507 Chrysostom’s
915 4440 1092 4493 earlier
1138 4441 1530 4507 interpretation,
1571 4443 1673 4496 and

1241 2617 1273 2661 4
1305 2597 1580 2648 meditante
1607 2597 1651 2647 C
1664 2596 1692 2622 ⁴
1709 2598 1779 2647 H

1514 2695 1574 2729 10
1605 2679 1790 2745 accipit
1812 2679 1880 2729 H

1782 2435 2005 2519 ἐπειδὴ
2079 2435 2229 2502 τότε
2280 2435 2532 2502 πολλοὶ
2585 2434 2707 2521 μὲν
2758 2432 2932 2501 κατὰ

2017 2609 2044 2660 7
2081 2597 2151 2647 ita
2187 2613 2266 2646 om
2302 2612 2337 2646 r
2574 2600 2606 2649 8
2654 2598 2860 2665 aliquod
2895 2616 2930 2647 r

2071 2695 2130 2742 14
2164 2680 2237 2729 δεῖ
2260 2679 2359 2739 (sor
2380 2679 2459 2740 δή)
2481 2680 2595 2730 cod.

1767 2808 1965 2858 follows
1997 2807 2037 2858 it
2069 2823 2139 2872 up
2170 2823 2287 2873 very
2323 2806 2497 2872 nearly
2528 2806 2582 2856 in
2614 2805 2757 2858 Th.’s
2786 2824 2926 2857 man-

1769 2907 1887 2941 ner:
1934 2893 1991 2940 τὸ
2033 2892 2084 2941 δὲ
2124 2893 2257 2949 ‘mas
2292 2891 2517 2954 ’γυναικὸς
2546 2887 2717 2954 ἅνδρα’
2752 2887 2805 2941 εὖ
2845 2908 2927 2949 μοι

1771 2973 1989 3022 δοκοῦσιν
2029 2974 2264 3035 εἰρηκέναι
2306 2973 2445 3022 τινές·
2489 2972 2649 3021 πάλαι
2690 2973 2788 3037 γὰρ
2822 2975 2927 3023 εἰώ-

1770 3056 1939 3102 θεισαν
1972 3056 2053 3102 καὶ
2075 3053 2321 3113 Ἕλληνες
2356 3055 2437 3103 καὶ
2475 3051 2693 3102 Ἰουδαῖοι
2730 3055 2810 3102 καὶ
2846 3053 2928 3103 δύο

1770 3136 1849 3183 καὶ
1872 3136 2025 3198 τρισὶν
2044 3136 2125 3184 καὶ
2146 3136 2369 3183 πλείοσιν
2390 3136 2604 3197 γυναιξὶν
2626 3133 2753 3196 νόμῳ
2769 3132 2929 3197 γάμου

1772 3217 1897 3266 κατὰ
1935 3220 2115 3267 ταυτὸν
2149 3220 2405 3268 συνοικεῖν·
2447 3218 2571 3268 τινὲς
2610 3218 2665 3267 δὲ
2702 3220 2783 3267 καὶ
2828 3222 2921 3281 νῦν,

1771 3304 1929 3351 καίτοι
1940 3302 2039 3351 vesu
2052 3302 2319 3365 βασιλικῶν
2331 3302 2487 3361 νόμων
2508 3298 2591 3350 δῦο
2607 3303 2736 3351 κατὰ
2751 3303 2927 3352 ταυτὸν

1769 3378 1982 3443 ἄγεσθαι
2019 3383 2297 3431 κωλυόντων
2338 3383 2583 3445 γυναῖκας,
2623 3385 2702 3433 καὶ
2736 3385 2930 3432 παλλα·

1770 3464 1895 3512 κίσιν
1915 3464 2173 3523 μίγνυνται
2195 3464 2277 3511 καὶ
2298 3464 2521 3526 ἑταίραις.
2563 3465 2755 3526 ἔφασαν
2772 3466 2932 3513 τοίνυν

1769 3546 1853 3593 τὸν
1876 3546 2001 3594 θεῖον
2022 3546 2302 3594 ἀπόστολον
2336 3547 2571 3609 εἰρηκέναι
2599 3548 2685 3595 τὸν
2704 3542 2791 3607 μιᾷ
2806 3544 2931 3609 μόνῃ

1768 3628 1960 3689 γυναικὶ
1992 3630 2301 3675 συνοικοῦντα
2334 3625 2589 3689 σωφρόνως
2622 3626 2707 3687 τῆς
2738 3629 2933 3677 ἐπισκο-

1771 3708 1913 3769 πικῆς
1936 3706 2070 3767 ἄξιον
2085 3708 2208 3756 εἶναι
2226 3712 2534 3771 χειροτονίας.
2569 3708 2703 3758 That
2717 3709 2830 3769 this,
2846 3709 2933 3759 the

1772 3788 2091 3838 Antiocheue
2133 3789 2277 3848 view,
2326 3804 2383 3837 as
2426 3804 2503 3839 we
2556 3804 2673 3853 may
2716 3790 2933 3855 perhap‘s

1773 3880 1977 3921 venture
2022 3878 2075 3921 to
2120 3872 2350 3923 consider
2391 3872 2446 3932 it,
2498 3887 2599 3923 was
2644 3873 2935 3937 practically

1772 3952 1889 4003 held
1912 3953 1980 4015 by
2002 3952 2191 4003 several
2214 3952 2272 4001 of
2298 3952 2384 4003 the
2409 3953 2619 4003 Eastern
2652 3952 2859 4017 bishops
2881 3953 2943 4002 os

1772 4034 1871 4083 this
1894 4034 2084 4097 period,
2106 4049 2317 4099 appears
2339 4034 2466 4083 from
2490 4033 2691 4084 Thdt.’s
2714 4034 2858 4085 letter
2880 4043 2935 4086 to

1774 4115 2007 4165 Domnus
2029 4116 2087 4165 os
2103 4116 2327 4168 Antioch
2352 4114 2438 4181 (ep.
2466 4130 2571 4176 110,
2596 4116 2651 4164 M
2658 4116 2771 4181 igne
2788 4118 2849 4165 P.
2868 4118 2929 4167 G.

1774 4198 1851 4257 83,
1888 4209 2046 4259 1304?
2080 4196 2143 4246 cs.
2174 4198 2355 4246 Baron.
2384 4212 2509 4247 ann.
2538 4198 2673 4260 448),
2692 4197 2745 4246 in
2768 4196 2935 4247 which

1772 4280 1836 4328 he
1860 4279 2065 4328 defends
2094 4280 2180 4329 the
2209 4288 2321 4345 part
2350 4280 2415 4330 he
2444 4280 2547 4329 had
2577 4280 2729 4331 taken
2762 4281 2814 4329 in
2848 4281 2936 4330 the

1770 4362 2115 4412 consecration
2160 4360 2219 4411 os
2266 4378 2297 4411 a
2348 4361 2583 4427 digamist
2634 4362 2702 4426 by
2744 4361 2935 4413 several

1772 4450 1939 4495 recent
1960 4443 2271 4508 precedents.
