3250 5025
323 352 415 419 11.
446 368 509 437 9,
547 349 668 437 10.]
873 360 957 437 m
1007 360 1111 415 ΕΡ.
1159 360 1264 412 AD
1307 356 2060 413 THEssAmmcENSES
2105 356 2183 410 11.
2662 352 2695 423 5
2704 354 2743 423 7

321 534 451 599 hoc
504 541 622 612 est,
679 549 892 611 uoce;
960 553 1050 596 ex
1111 530 1244 595 illis
1303 550 1478 615 quae
1526 528 1707 613 apud
1756 549 1879 593 nos
1928 537 2086 593 sunt
2133 545 2405 593 sumens
2459 525 2627 591 illud
2680 534 2749 591 et

324 635 570 711 dicenS,
619 655 700 698 eo
737 633 918 718 quod
966 654 1089 697 nos
1130 633 1366 716 spiritu
1407 641 1811 717 cooperante
1842 631 2181 696 abutimur
2210 631 2296 695 ad
2329 630 2748 695 articulatam

325 735 724 823 loquelam*

459 860 632 924 quae
661 838 1030 913 secundum
1063 837 1251 901 illum
1283 846 1456 914 sunt,
1491 828 1733 901 referre
1765 836 2037 921 incipit:

459 989 644 1054 cuius
670 998 767 1053 est
792 988 1114 1053 aduentus
1140 988 1486 1053 secundum
1519 988 2014 1074 inoperationem
2048 989 2360 1055 Satanae.
2826 1003 2858 1072 5

462 1108 591 1171 hoc
649 1116 792 1172 est:
868 1113 884 1141 ‘
904 1107 1257 1193 adparebit
1330 1106 1444 1172 ille
1519 1108 1778 1173 Satana
1837 1109 1963 1173 sibi
2034 1108 2430 1192 inoperante
2493 1102 2753 1171 omnia?

331 1217 580 1281 deinde
610 1215 815 1279 adicit
843 1223 913 1278 et
943 1213 1103 1298 quid
1135 1212 1299 1278 illud
1331 1222 1648 1298 operatur
1679 1214 1745 1277 in
1778 1234 1859 1277 eo
1890 1236 1905 1278 ε

464 1367 534 1432 in
564 1368 747 1432 omni
771 1366 1016 1431 uirtute
1041 1376 1104 1431 et
1129 1366 1343 1449 signis
1369 1376 1432 1429 et
1443 1366 1776 1451 prodigiis
1804 1364 2233 1430 mendacibus,

467 1490 718 1553 ‘multa
755 1486 1021 1571 (inquit)
1070 1498 1140 1551 et
1179 1507 1428 1570 magna
1469 1489 1663 1571 signa
1699 1508 1967 1571 quoque
2012 1497 2081 1552 et
2125 1486 2433 1572 prodigia
2477 1486 2757 1551 demon-

333 1592 576 1657 strabit
633 1612 753 1675 per
811 1590 1006 1654 eum!
1094 1592 1268 1654 bene
1328 1600 1553 1655 autem
1616 1590 1822 1656 adicit
1894 1589 2320 1667 mendae-ihm,
2397 1587 2759 1653 ostendens
2792 1597 2869 1645 10

334 1699 653 1785 quoniam
701 1698 766 1760 in
813 1697 1287 1779 phantasmate
1340 1696 1555 1778 magis
1608 1714 1813 1780 quam
1863 1693 1929 1758 in
1982 1715 2183 1778 opere
2231 1694 2391 1759 facit
2439 1713 2535 1758 ea.
2624 1710 2760 1774 qua

336 1811 564 1866 autem
597 1799 855 1864 ratione
885 1798 1014 1862 hoc
1044 1798 1403 1881 operatur?
1711 1794 1719 1799 ’

466 1962 529 2017 et
558 1952 628 2016 in
657 1949 842 2015 omni
861 1949 1217 2014 seductione
1247 1948 1611 2014 iniustitiae
1642 1948 1711 2013 in
1741 1947 1848 2013 his
1873 1949 1994 2032 qui
2002 1960 2291 2032 pereunt.

471 2080 547 2136 ut
583 2090 786 2134 omne
826 2071 1141 2153 quicquid
1191 2068 1513 2133 iniustitia
1557 2067 1833 2151 plenum
1872 2077 1975 2132 est
2018 2078 2343 2152 operetur,
2382 2077 2452 2133 et
2486 2069 2762 2134 seducat

339 2196 454 2240 eos
487 2175 600 2259 qui
647 2174 1023 2257 perditione
1063 2172 1250 2255 digni
1293 2182 1465 2235 sunt.
1556 2173 1652 2234 sic
1693 2180 1921 2235 autem
1954 2180 2153 2236 uocat
2190 2192 2322 2250 eOS,
2355 2172 2468 2256 qui
2514 2182 2670 2237 sunt
2702 2173 2761 2237 ei
2796 2191 2868 2261 15

338 2277 742 2362 adponendi.

341 2454 645 2520 ετόΜατοο
706 2446 910 2526 αῩΤΟῨ,
973 2444 1119 2513 ἀντὶ
1176 2449 1294 2513 τοῦ
1352 2452 1367 2479 ‘
1387 2448 1467 2532 τῇ
1527 2446 1740 2532 φωνῇ,’
1803 2440 1937 2510 ἀπὸ
1990 2445 2109 2509 τοῦ
2164 2440 2326 2533 παρ’
2386 2441 2540 2528 ἡμῖν
2600 2440 2762 2509 αὐτὸ

341 2552 627 2640 εἰρηκώς,
674 2549 894 2634 ἐπειδὴ
945 2550 1126 2637 ἡμεῖς
1166 2553 1258 2638 τῷ
1301 2551 1632 2635 πνεύματι
1676 2547 1970 2637 συνεργῷ
2012 2549 2390 2638 κεχρήμεθα,
2433 2550 2595 2636 πρὸς
2647 2549 2764 2633 τὴν

342 2658 653 2748 ἔναρθρον
680 2653 942 2723 λαλιάν.

441 2844 470 2878 2
505 2827 736 2893 spiritum
765 2832 1068 2891 cooperante
1095 2825 1141 2876 C

340 2910 466 2976 conj.
491 2908 670 2974 ficobi
887 2919 914 2971 7
950 2907 1035 2956 ille
1061 2904 1078 2970 (
1079 2906 1176 2971 sor
1189 2905 1336 2967 illud)
1361 2922 1394 2955 r

342 2991 483 3057 digni
507 2996 622 3041 sunt
642 3005 722 3039 om
745 3005 777 3039 r

345 3155 508 3222 (τοῦτό
544 3156 680 3206 ἐστιν
705 3155 764 3205 τὸ
803 3155 884 3204 καὶ
908 3149 1161 3213 ’πνεύματι
1193 3155 1273 3203 διὰ
1301 3155 1509 3216 χειλέων

342 3237 510 3290 ἀνελεῖ
534 3235 731 3302 ἀσεβῆ,’
771 3239 892 3300 ὅπερ
921 3235 1138 3287 Ἡσαΐας
1172 3235 1366 3301 φησίν);
1403 3239 1508 3287 and

346 3335 404 3369 so
440 3318 612 3369 Sedul.
645 3317 782 3367 Scot.
856 3315 936 3367 Cf.
970 3316 1123 3366 Thdt.
1159 3317 1217 3366 in
1239 3318 1366 3366 Esa.
1390 3316 1426 3365 1.
1441 3329 1504 3366 c.:

350 3399 384 3462 ἢ
404 3403 516 3464 περὶ
537 3401 621 3448 τοῦ
647 3396 959 3462 ἀντιχρίστου
982 3399 1148 3460 φησίν.

413 3479 462 3531 6.
529 3481 786 3546 adparebit
833 3481 933 3541 ille,
983 3480 1102 3542 &c.]
1191 3480 1272 3530 Cf.
1325 3480 1508 3531 Thdt.:

346 3561 594 3626 ὥνθρωπος
619 3563 748 3622 ἔχων
781 3562 866 3609 τὸν
897 3559 1127 3609 Σατανᾶν
1163 3561 1216 3609 ἐν
1253 3556 1412 3622 ἑαυτῷ
1449 3559 1509 3608 δι’

347 3646 497 3694 αὐτοῦ
517 3644 818 3706 ἐνεργοῦντα.

419 3741 496 3775 11.
564 3725 622 3772 in
657 3723 1014 3788 phantasmate
1051 3722 1212 3787 magis
1252 3739 1406 3787 quam
1451 3723 1511 3772 in

347 3806 447 3871 ομ]
481 3805 552 3857 So
573 3805 748 3855 Thdt.:
785 3805 1000 3853 διδάσκει
1031 3805 1086 3852 δὲ
1115 3803 1177 3865 ᾡς
1203 3805 1272 3853 τὰ
1306 3804 1511 3861 ἐσόμενα

347 3893 447 3940 οὐκ
481 3887 672 3948 ἀληθῆ
706 3889 946 3947 θαύματα.
1025 3885 1150 3935 And
1177 3886 1380 3950 Jerome
1415 3883 1502 3949 (cp.

354 3971 496 4036 121):
538 3971 658 4020 “ita
681 3977 730 4020 et
751 3970 806 4019 in
829 3967 1143 4019 Antichristo
1165 3984 1342 4019 omnes
1364 3976 1507 4019 erunt

349 4053 668 4104 fortitudines
721 4057 772 4100 et
827 4049 972 4115 signa
1025 4057 1074 4099 et
1120 4049 1366 4114 prodigia,
1423 4049 1512 4099 sed

351 4135 637 4185 universa
667 4129 1041 4183 mendacia.”
1107 4131 1286 4195 Chrys,
1327 4139 1512 4180 cannot

353 4218 555 4270 decide:
585 4213 693 4277 ἤτοι
715 4216 1069 4278 διεψευσμένοις
1095 4214 1178 4279 (he
1194 4216 1512 4276 comments)‚

350 4298 384 4360 ἢ
439 4300 506 4348 εἰς
562 4299 733 4360 ψεῦδος
777 4297 997 4358 ἄγουσιν.
1068 4295 1352 4360 Augustine
1406 4297 1514 4346 also

350 4382 518 4433 leaves
553 4381 638 4430 the
676 4378 906 4445 question
951 4394 1086 4443 open
1129 4376 1207 4442 (de
1235 4378 1375 4427 cim't.
1413 4379 1518 4428 Dei

352 4474 451 4512 xx.
480 4475 562 4529 19:
603 4462 640 4489 ‘⁶
657 4461 786 4512 solet
824 4457 1013 4524 ambigi
1041 4465 1208 4509 utrum
1248 4466 1514 4524 propterea

1403 2823 1436 2874 6
1474 2825 1550 2874 illi
1581 2825 1770 2875 Satana
1798 2824 1895 2874 sibi
1925 2825 1970 2874 C
1985 2825 2056 2874 H

2116 2825 2192 2875 illi
2225 2825 2437 2876 Satanas
2466 2825 2561 2875 sibi
2585 2843 2651 2877 r:
2685 2832 2767 2876 txt

1599 2920 1633 2970 9
1668 2913 1717 2956 et
1740 2905 1971 2971 prodigia
1991 2922 2069 2956 om
2091 2906 2160 2956 H
2380 2923 2441 2971 ¹4
2473 2915 2529 2958 ut
2552 2924 2761 2960 omne...

992 2987 1050 3038 16
1083 2988 1364 3053 accipiendi
1389 2985 1502 3052 (for
1523 2988 1832 3053 apponendi)
1857 3005 1891 3038 r

1601 3153 1740 3203 dicta
1773 3152 1874 3203 sint
1914 3157 1927 3182 ‘
1947 3155 2089 3218 signa
2126 3161 2177 3204 et
2212 3154 2444 3219 prodigia
2480 3153 2766 3214 mendacii,’

1604 3235 1844 3300 quoniam
1858 3236 2095 3285 mortales
2110 3251 2283 3286 sensus
2306 3252 2396 3300 per
2415 3237 2767 3301 phantasmata

1603 3317 1903 3382 decepturus
1924 3324 2129 3368 est...an
2150 3318 2270 3383 quia
2299 3318 2386 3368 illa
2420 3319 2543 3384 ipsa,
2572 3319 2767 3370 etiamsi

1606 3404 1753 3447 erunt
1786 3413 1905 3447 uera
1935 3398 2181 3463 prodigia,
2216 3399 2283 3448 ad
2316 3401 2632 3450 mendacium
2655 3418 2766 3466 per·

1605 3479 2075 3543 trahent...propter
2110 3480 2232 3544 quid
2260 3479 2439 3530 horum
2474 3498 2595 3544 ergo
2632 3482 2768 3534 dicta

1605 3559 1707 3609 sint
1759 3558 1989 3623 prodigia
2046 3566 2098 3609 et
2156 3559 2299 3624 signa
2346 3562 2595 3612 mendacii
2650 3569 2769 3614 tunc

1606 3640 1774 3706 potius
1818 3641 2093 3705 apparebit.
2103 3638 2133 3662 ''
2201 3641 2303 3691 For
2332 3643 2642 3706 phantasma
2684 3662 2769 3696 see

1609 3723 1831 3784 Ronsch,
1856 3724 2007 3784 Itala,
2035 3739 2086 3788 p.
2115 3741 2225 3787 244.

1679 3820 1753 3869 13.
1826 3805 2125 3868 iniustitiae]
2193 3805 2264 3856 So
2286 3807 2453 3869 Tert.;
2486 3809 2553 3858 Ο.
2578 3809 2639 3860 L.
2666 3811 2769 3861 and

1609 3887 1783 3951 Vulg„
1812 3885 2190 3951 “iniquitatis”
2258 3887 2321 3938 In
2344 3905 2393 3937 v·
2423 3905 2444 3939 r
2452 3906 2479 3954 3
2502 3890 2773 3955 iniquitati

1607 3983 1819 4032 appears
1852 3967 1905 4017 in
1928 3967 2013 4017 the
2035 3975 2155 4028 text,
2185 3969 2274 4018 but
2300 3969 2570 4027 iniustitia,
2604 3970 2645 4021 it
2665 3973 2770 4024 will

1608 4051 1674 4100 be
1696 4050 1953 4110 observcd‚
1983 4050 2131 4100 holds
2154 4051 2216 4100 its
2238 4053 2431 4116 ground
2454 4053 2508 4103 in
2530 4054 2617 4104 the
2632 4070 2770 4106 com-

1611 4139 1765 4182 ment.
1916 4139 1927 4152 '

1684 4227 1757 4276 15.
1840 4213 1933 4278 qui
1962 4214 2243 4279 perditione
2273 4217 2421 4281 degni
2448 4217 2593 4280 sunt]
2668 4219 2771 4272 Le.

1613 4297 1656 4345 οἱ
1680 4293 2063 4355 ἀπολλύμενοι-τ
2073 4299 2117 4346 01
2138 4296 2222 4358 τῆς
2242 4295 2481 4348 ἀπωλείας
2510 4302 2771 4362 ἠξιωμένα.

1614 4377 1775 4441 Aug.:
1841 4381 1872 4404 “
1890 4377 2188 4427 seducentur
2286 4379 2370 4443 qui
2409 4381 2581 4430 seduci
2617 4397 2773 4433 mere-

1610 4455 1845 4508 buntur.'’
1894 4458 2085 4523 Thpht.
2109 4457 2255 4519 (after
2289 4458 2519 4526 Chrys->2
2554 4462 2600 4511 ol
2622 4463 2663 4511 εἰ
2695 4464 2777 4512 καὶ
