3250 5025
291 343 412 406 IV.
456 342 664 426 1—3.]
1011 355 1092 406 IN
1145 357 1250 407 EP.
1297 357 1398 406 AD
1446 357 1915 408 TIMOTHEUM
1964 357 2011 406 1.
2599 357 2709 419 141

288 551 464 614 quae
512 530 854 614 praedicta
907 540 1062 594 sunt
1115 530 1498 595 cautissime
1545 531 1965 595 considerare
2022 531 2323 604 uoluerit,
2377 529 2532 593 licet
2582 549 2717 593 non

286 632 482 696 facile
512 634 772 715 possint
817 631 1244 714 deprehendi,
1279 653 1360 697 eo
1401 634 1582 717 quod
1621 633 1827 697 latere
1870 632 2192 716 plurimos
2232 653 2432 715 super
2472 631 2719 695 talibus

289 739 602 820 operibus
647 739 1055 802 adnituntur.
1145 747 1635 822 consequenter
1673 748 1900 803 autem
1946 738 2231 802 adiecit:
2289 735 2719 801 cauteriatam

290 840 665 906 habentium
704 862 894 904 suam
935 841 1219 923 zpsorum
1254 840 1747 920 conscientiam;
1792 842 1906 925 qui
1947 843 2127 907 enim
2168 843 2255 906 de
2292 841 2605 905 castitate
2645 859 2717 902 se

290 942 634 1025 disputare
666 941 1000 1020 simulant,
1035 963 1304 1007 omnem
1337 945 1724 1026 spurcitiam
1757 944 1823 1007 in
1857 965 1927 1008 se
1958 953 2337 1027 perpetrare
2368 939 2719 1004 inueniun-

291 1053 418 1108 tur.
510 1045 788 1110 euidens
847 1039 1166 1128 quoniam
1226 1045 1388 1112 talia
1447 1047 1769 1112 facientes
1830 1069 1963 1112 non
2042 1049 2372 1129 integram
2434 1054 2717 1130 possunt

290 1145 536 1240 habere
584 1148 1102 1227 conscientiam;
1147 1152 1476 1214 contraria
1517 1153 1697 1214 enim
1751 1153 1971 1234 specie
2018 1171 2287 1214 suorum
2334 1168 2717 1213 sermonum

295 1249 420 1312 sibi
473 1251 597 1332 ipsi
651 1253 897 1316 conscii
947 1262 1120 1330 sunt,
1168 1274 1340 1336 quae
1388 1265 1456 1317 et
1511 1255 1576 1318 in
1633 1276 1704 1318 se
1756 1265 2074 1319 exercent
2123 1263 2191 1318 et
2236 1253 2403 1318 alios
2450 1256 2717 1318 docent.

293 1354 570 1417 euidens
602 1364 828 1419 autem
859 1358 1040 1439 quod
1073 1357 1290 1422 dixite
1325 1358 1809 1441 prohibentium
1842 1359 2086 1436 nubere,
2115 1358 2431 1423 abstinere
2468 1379 2511 1419 a
2540 1357 2715 1434 cibzk,

297 1456 488 1540 [non]
551 1462 914 1524 ostendens
973 1463 1293 1544 quoniam
1356 1484 1490 1526 non
1546 1464 1796 1528 nub‘ere
1846 1472 1963 1528 aut
2011 1484 2144 1527 non
2208 1483 2469 1526 sumere
2528 1483 2715 1526 escas

292 1563 570 1625 crimine
628 1564 908 1646 dignum
954 1574 1074 1642 est,
1127 1567 1244 1630 sed
1291 1569 1472 1650 quod
1521 1568 1669 1652 lege
1715 1568 1845 1632 ista
1888 1566 2237 1651 prohibere
2282 1566 2715 1643 adnitantur;

293 1685 385 1728 ex
434 1666 706 1730 arbitrio
753 1667 932 1730 enim
985 1670 1324 1733 continere
1373 1691 1444 1733 se
1498 1669 1787 1754 aliquem
1836 1669 1922 1733 ab
1972 1669 2115 1733 istis
2164 1689 2297 1731 non
2346 1675 2447 1730 est
2490 1667 2717 1730 incon-

295 1771 586 1835 ueniens.
679 1792 836 1834 nam
879 1773 1228 1855 prohibere
1257 1774 1344 1837 de
1391 1772 1496 1836 his
1543 1773 1957 1836 necessitatis
1988 1782 2091 1835 est
2121 1771 2361 1854 potius,
2397 1790 2531 1833 non
2564 1790 2717 1852 pro-

295 1875 518 1957 positi,
551 1875 730 1956 quod
763 1876 1068 1940 similiter
1095 1877 1314 1940 dicere
1345 1897 1477 1940 non
1511 1887 1752 1959 potest,
1783 1877 2101 1959 quoniam
2133 1877 2245 1941 ubi
2293 1875 2711 1958 propositum

296 1985 416 2053 est,
447 1977 536 2041 ibi
576 1979 1028 2057 continentia;
1071 1979 1199 2042 ista
1236 2000 1395 2042 uero
1435 1980 1712 2043 euidens
1757 1979 2097 2042 execratio
2135 1987 2253 2041 est.
2344 1977 2715 2039 notandum

297 2099 458 2144 uero
501 2091 605 2145 est
650 2082 716 2144 in
763 2101 845 2144 eo
890 2083 1070 2164 quod
1117 2082 1294 2146 dixit
1337 2082 1657 2147 abstinere
1695 2102 1740 2143 a
1782 2079 1957 2156 cibis,
1998 2079 2191 2143 sicuti
2232 2087 2300 2141 et
2343 2078 2409 2139 in
2458 2075 2717 2159 praefa-

296 2183 482 2246 tione
513 2182 914 2258 notauimus‚
952 2203 1034 2245 eo
1074 2185 1256 2265 quod
1290 2182 1543 2247 nullam
1576 2181 1998 2265 diligentiam
2042 2180 2463 2263 eloquentiae
2494 2180 2713 2256 faciat,

297 2282 512 2346 multa
556 2284 786 2346 dicens
830 2283 1205 2367 inperfecte.
1297 2305 1454 2348 nam
1509 2295 1578 2347 et
1630 2282 1759 2346 hoc
1808 2283 1875 2346 in
1921 2280 2073 2346 loco
2116 2283 2297 2364 quod
2345 2281 2524 2345 dixit
2554 2290 2713 2361 pro-

294 2386 672 2466 hibentium,
718 2389 909 2472 quasi
956 2409 1075 2471 per
1119 2389 1586 2452 necessitatem
1635 2385 1799 2450 illud
1849 2385 1989 2449 fieri
2039 2385 2391 2466 accipienS,
2432 2404 2714 2466 sequen-

397 2585 428 2629 4
462 2540 704 2618 habentes
725 2568 793 2617 H
810 2566 818 2633 Ι
848 2584 903 2618 se
923 2568 1180 2633 disputare
1201 2584 1279 2617 om
1298 2584 1331 2616 r
1509 2564 1542 2615 6
1577 2566 1712 2616 euid.
1736 2571 1811 2615 est
1834 2582 1866 2613 r
1892 2562 1901 2629 1
1930 2564 2123 2629 integra
2156 2564 2225 2613 H
2400 2574 2427 2625 7
2462 2565 2716 2615 conscien-

296 2650 422 2698 tiam
445 2649 544 2713 (ast
559 2650 766 2712 habere)
789 2666 866 2701 om
895 2650 1048 2701 (ΡΗ
1064 2648 1074 2714 Ι
1104 2666 1251 2701 serm.
1275 2664 1406 2699 suor.
1433 2646 1533 2698 H·
1743 2663 1775 2715 9
1808 2647 1939 2697 euid.
1978 2662 2025 2695 a.
2050 2652 2125 2695 est
2146 2646 2213 2694 H
2406 2662 2465 2696 10
2498 2661 2599 2695 non
2625 2645 2717 2711 (ιο)

294 2749 375 2783 om
419 2734 464 2783 C
473 2734 540 2783 H
545 2751 580 2784 r
798 2732 859 2783 16
898 2732 1276 2799 imperfectione
1313 2729 1428 2793 (jbr
1467 2729 1521 2779 in
1564 2728 1799 2794 praefat.)
1850 2730 1894 2779 C
1933 2727 2291 2795 inperfectione
2334 2728 2403 2777 H
2458 2727 2713 2793 imperfec-

297 2816 486 2867 tionem
509 2832 542 2865 r

367 2998 413 3031 α.
479 2990 634 3046 super
673 2982 858 3033 talibus
898 2984 1002 3048 op.]
1070 2978 1152 3032 Cf.
1196 2993 1234 3030 1.
1274 2996 1328 3045 p.
1368 2993 1449 3041 42,

299 3062 335 3111 1.
358 3080 406 3126 4,
433 3072 568 3115 note.

368 3163 416 3207 4.
482 3146 574 3210 qui
595 3141 1158 3209 em'm...inueniuntur]
1206 3140 1356 3193 cited
1389 3141 1458 3205 by

299 3224 564 3277 Lanfranc.

370 3318 416 3369 7.
487 3308 740 3357 contraria
765 3324 804 3356 e.
831 3306 992 3371 specie,
1028 3305 1144 3367 δια]
1234 3304 1395 3368 Specie
1414 3301 1458 3351 is

297 3389 595 3454 apparently
627 3404 658 3438 a
678 3404 792 3453 gen.
823 3386 1091 3453 (εφη-ἀί,
1119 3386 1182 3437 cf.
1204 3392 1376 3448 supra,
1403 3399 1456 3448 p.

307 3484 413 3533 115,
451 3471 486 3520 l.
529 3488 574 3535 3,
614 3478 764 3533 note3
805 3486 862 3521 or
893 3469 1092 3533 speciae,
1129 3466 1193 3517 cf.
1233 3467 1316 3516 De
1356 3465 1452 3526 Vit,

301 3568 340 3601 S.
357 3568 403 3602 v.
413 3554 447 3614 ).
526 3552 796 3602 Contraria
817 3551 910 3600 sibi
929 3551 1025 3615 ᾤετ’
1048 3548 1245 3614 [ipsiri']
1279 3546 1463 3597 conscii

309 3637 564 3685 εέναντία
584 3636 848 3684 συνειδότες
871 3635 1069 3683 ἑαυτοῖς.
1145 3631 1224 3682 Cf.
1251 3630 1456 3694 Chrys.:

296 3720 356 3767 τὸ
385 3719 438 3767 δὲ
469 3718 680 3767 συνειδὸς
709 3717 1179 3779 κεκαυτηριασμένοι,
1205 3716 1459 3765 τουτέστιν

189 3806 196 3813 ’
301 3803 512 3865 πονηροῦ
531 3798 667 3851 ὄντες
693 3802 820 3862 βίου.
887 3800 1042 3850 Thdt.
1069 3799 1241 3863 brings
1263 3806 1350 3847 out
1371 3798 1458 3848 the

302 3885 446 3949 point
475 3884 534 3933 of
563 3884 650 3933 the
685 3882 972 3947 metaphor3
1011 3886 1022 3908 ⁶
1037 3880 1253 3930 κεκαυτ.’
1292 3881 1344 3929 δὲ
1381 3881 1454 3928 κέ·

304 3970 494 4027 κληκεν,
543 3967 632 4027 τὴν
675 3968 896 4028 ἐσχάτην
942 3964 1099 4014 αὐτῶν
1154 3966 1458 4027 ἀναλγησίαν

304 4046 542 4094 διδάσκων
567 4044 652 4105 (cf.
677 4056 717 4093 1.
741 4060 791 4109 p.
827 4056 936 4107 172,
963 4043 998 4093 l.
1029 4056 1074 4105 5,
1102 4042 1258 4103 note).

371 4144 448 4178 10.
513 4144 616 4177 non
644 4126 911 4185 ostendens.
942 4125 1060 4187 &c.]
1127 4126 1224 4176 See
1255 4140 1334 4174 vv.
1376 4124 1456 4183 n.;

302 4210 404 4259 and
426 4208 488 4260 cs.
513 4210 702 4259 Thdt.:
739 4210 846 4257 οὐδὲ
878 4208 976 4271 γὰρ
1009 4206 1096 4267 τὴν
1130 4208 1346 4270 ἀγαμίαν
1378 4208 1458 4257 καὶ

297 4292 390 4354 τὴν
423 4292 710 4355 ἐγκράτειαν
741 4292 1014 4355 διαβάλλει,
1038 4292 1170 4340 ἀλλὰ
1191 4286 1286 4339 τῶν
1309 4290 1456 4352 ἀναγ-

303 4374 546 4435 καζόντων
567 4374 694 4435 νόμῳ
716 4372 870 4423 ταῦτα
891 4373 1104 4433 μετιέναι
1126 4370 1404 4433 κατηγορεῖ.

375 4466 448 4501 12.
497 4451 796 4512 exortia-io]
820 4450 895 4502 Cf.
916 4459 1085 4515 supra,
1110 4465 1192 4514 pp.
1220 4464 1326 4511 104,
1351 4460 1460 4512 105.

1625 2992 1703 3041 13.
1757 2977 2016 3042 prohibere
2044 2976 2103 3025 de
2140 2975 2239 3037 Itis]
2305 2975 2417 3025 Tite
2446 2974 2577 3025 lexx.
2617 2975 2715 3025 cite

1555 3076 1620 3109 an
1644 3076 1721 3110 ex.
1747 3060 1805 3109 of
1820 3060 1919 3109 this
1941 3059 2279 3109 construction
2301 3058 2429 3109 from
2454 3058 2691 3110 Lucilius.

1630 3155 1705 3205 15.
1770 3141 1968 3191 actilens
1988 3140 2221 3189 execratio
2239 3139 2328 3201 est]
2400 3141 2415 3165 ‘
2426 3140 2477 3188 A
2492 3140 2713 3203 prohibi-

1558 3224 1667 3273 tion
1700 3223 1761 3272 of
1786 3222 1885 3273 this
1917 3221 2043 3271 kind
2072 3228 2305 3271 amounts
2337 3228 2391 3271 to
2420 3238 2487 3271 an
2508 3223 2712 3273 anathe-

1559 3320 1661 3361 ma,
1711 3303 1833 3353 such
1882 3318 1939 3352 as
1991 3301 2153 3351 Saul's
2189 3302 2237 3361 (ι
2290 3300 2428 3352 Sam.
2470 3302 2569 3351 xiv.
2610 3306 2712 3365 ²4)-

1559 3403 1618 3437 or
1653 3386 1764 3436 that
1802 3384 1861 3434 os
1899 3384 1985 3434 the
2019 3384 2355 3449 conspirators
2392 3382 2536 3447 (Acts
2573 3385 2712 3434 xxiii.

1565 3466 1644 3530 ια)
1683 3467 1801 3515 who
1841 3465 2193 3523 ἀνεθεμάτισαν
2239 3461 2451 3523 ἑαυτούς,
2488 3466 2715 3525 λέγοντες

1557 3554 1683 3612 μήτε
1716 3550 1896 3611 φαγεῖν
1926 3550 2051 3609 μήτε
2085 3546 2248 3595 πιεῖν)
2318 3547 2538 3611 Perhaps
2576 3548 2715 3599 how-

1557 3647 1676 3683 ever
1721 3630 1957 3680 execratio
2009 3628 2198 3692 merely
2242 3637 2519 3693 represents
2573 3645 2713 3681 some

1558 3713 1682 3764 such
1702 3712 1843 3761 word
1865 3728 1921 3760 as
1943 3711 2284 3773 ἀπαγόρευσις,
2314 3709 2415 3758 and
2438 3709 2522 3759 the
2545 3726 2711 3760 mean-

1559 3798 1649 3860 ing
1670 3796 1741 3844 isz
1777 3799 1790 3821 ‘
1807 3794 1861 3843 in
1886 3793 2007 3846 such
2030 3808 2059 3841 a
2082 3808 2194 3841 ease
2225 3807 2291 3841 no
2320 3791 2495 3841 choice
2524 3791 2566 3841 is
2594 3793 2712 3853 lest3

1557 3879 1697 3929 there
1740 3891 1835 3925 can
1868 3876 1934 3925 be
1970 3890 2040 3924 no
2075 3874 2293 3923 exercise
2328 3873 2387 3923 of
2423 3874 2710 3937 προαίρεσις,

1557 3960 1659 4010 and
1704 3958 1950 4009 therefore
1992 3972 2060 4006 no
2102 3956 2263 4006 virtue
2308 3956 2362 4005 in
2406 3956 2492 4006 the
2534 3963 2615 4006 act
2661 3957 2721 4006 of

1559 4202 1578 4252 l
1625 4216 1761 4350 ¹1⁴9.sq
1781 4281 1928 4347 quasi
1943 4288 2043 4345 per
2062 4281 2401 4341 necessitatem,
2431 4280 2545 4343 δια]
2611 4280 2711 4331 Th.

1559 4380 1733 4415 means
1753 4363 1862 4413 that
1880 4378 1935 4413 as
1957 4363 2233 4411 κωλυόντων
2249 4361 2471 4412 involves
2494 4362 2579 4411 the
2600 4362 2715 4412 idea

1561 4446 1620 4497 os
1652 4444 1981 4510 compulsion,
2029 4444 2112 4493 the
2158 4443 2255 4507 Ap.
2298 4446 2477 4493 carries
2512 4458 2581 4491 on
2615 4442 2715 4493 this

2752 1478 2831 1526 10
