3250 5025
321 309 438 374 IV.
469 329 531 392 4,
569 313 652 398 5.]
1036 330 1119 382 IN
1170 331 1270 384 ΕΡ.
1316 332 1422 382 AD
1466 331 1937 386 ΤῙΜοτΗΕυΜ
1986 333 2031 386 1.
2618 336 2737 400 143

315 506 386 562 et
446 502 856 566 necessarius
913 512 983 571 et
1040 514 1260 588 aptus.
1371 515 1644 572 accusat
1700 529 1864 573 uero
1921 529 2038 573 eos
2096 507 2385 592 grauius,
2444 507 2743 572 adiciens

313 621 460 664 cum
507 603 894 683 gratiarum
951 607 1210 676 actione.
1303 629 1460 674 nam
1521 611 1675 676 ideo
1736 609 1953 676 factae
2012 620 2169 676 sunt
2221 632 2413 676 escae
2460 620 2535 675 ut
2587 631 2741 676 cum

312 703 680 782 gratiarum
725 708 990 772 actione
1035 711 1490 794 unusquisque
1540 733 1657 780 eas
1696 713 2006 790 insumat,
2052 714 2301 782 etenim
2346 713 2593 780 iustum
2640 723 2743 779 est

313 824 432 868 eos
479 808 592 888 qui
641 808 946 878 fruuntur
987 811 1152 889 illas,
1192 814 1442 894 gratias
1491 835 1689 896 agere
1732 815 1791 877 ei
1834 815 1947 897 qui
1994 836 2108 878 eas
2151 814 2387 897 largire
2428 816 2741 897 dignatus

313 921 431 976 est.
523 915 638 978 sed
681 915 810 980 hoc
847 937 980 980 non
1029 918 1114 980 de
1159 917 1472 984 omnibus
1502 919 1685 994 dicit,
1714 919 1829 984 sed
1878 919 1965 986 de
1996 919 2155 984 solis
2187 917 2494 984 fidelibus
2525 917 2743 1000 loqui·-
2815 929 2845 994 5

312 1027 458 1098 tur;
529 1041 688 1086 nam
748 1019 1050 1085 infideles
1109 1041 1232 1086 nec
1305 1023 1669 1105 gratiarum
1736 1021 2071 1088 actionem
2145 1022 2423 1088 reddere
2504 1021 2741 1084 sciunt.

312 1121 540 1204 itaque
587 1124 711 1186 etsi
761 1144 884 1206 pro
933 1124 1202 1190 ratione·
1229 1123 1679 1206 opificationis
1718 1123 1785 1188 in
1833 1143 2190 1188 commune
2230 1123 2543 1188 omnibus
2580 1141 2741 1185 usus

312 1242 612 1285 escarum
667 1225 1047 1307 propositus
1094 1246 1240 1288 esse
1300 1226 1581 1303 uidetur,
1652 1225 1769 1288 sed
1812 1234 1887 1289 ut
1936 1235 2203 1308 oportet
2262 1225 2742 1290 conuenienter

311 1327 450 1392 fieri
496 1329 802 1393 fidelibus
851 1330 1064 1411 magis
1109 1329 1374 1393 uidetur
1418 1350 1614 1410 posse
1664 1329 1896 1411 aptari.
1990 1328 2272 1392 multam
2320 1348 2481 1410 ergo
2519 1325 2738 1410 praui-

296 1438 520 1494 -tatem
567 1451 796 1494 eorum
845 1451 964 1512 per
991 1429 1120 1494 hoc
1168 1432 1461 1495 ostendit
1513 1432 1629 1514 qui
1674 1452 1826 1494 cum
1872 1431 2121 1514 gratias
2168 1451 2365 1513 agere
2415 1429 2739 1494 deberent
2772 1443 2849 1490 10

309 1553 432 1616 pro
491 1531 730 1616 largita
790 1525 913 1598 sibi
974 1534 1216 1616 requie,
1265 1543 1487 1600 utrum
1551 1534 1893 1600 insumant
1940 1555 2054 1597 eas
2106 1543 2329 1598 utrum
2379 1555 2451 1597 se
2502 1535 2590 1597 ab
2642 1535 2739 1596 eis

307 1638 712 1714 contineant,
762 1647 998 1720 utpote
1043 1637 1289 1715 fideles,
1335 1659 1374 1702 e
1413 1640 1747 1704 contrario
1787 1640 2093 1704 incusant
2138 1659 2325 1704 escas
2370 1638 2552 1720 quod
2600 1657 2736 1701 non

309 1744 444 1806 sint
502 1744 672 1807 bene
732 1742 948 1806 sactae
1006 1751 1074 1806 et
1135 1763 1330 1810 usum
1403 1763 1633 1810 earum
1710 1743 1857 1826 lege
1938 1744 2332 1808 adnituntur
2410 1740 2737 1808 abdicare.

302 1845 546 1909 deinde
576 1846 804 1910 dicens
834 1849 993 1929 quia
1023 1868 1064 1910 a
1097 1847 1248 1910 Deo
1280 1847 1496 1911 factae
1525 1856 1701 1922 sunt,
1734 1857 2219 1930 consequenter
2248 1846 2533 1912 adiecit:

441 2007 598 2089 quia
626 1993 839 2072 amitis
864 2017 1163 2071 creatura
1193 2008 1328 2072 Dei
1353 2008 1533 2086 bona,
1561 2018 1625 2071 et
1646 2007 1824 2071 nihil
1848 2008 2257 2072 reiciendum.
2771 2029 2840 2098 15

439 2139 1045 2224 ‘quemadmodum
1101 2137 1367 2222 (inquit)
1434 2139 1849 2202 incusatione
1911 2137 2193 2222 dignum
2254 2136 2467 2220 possit
2526 2136 2736 2204 uideri

309 2238 492 2318 illud,
555 2262 598 2306 a
666 2242 816 2309 Deo
892 2241 1226 2308 sactum?’
1317 2241 1489 2306 bene
1557 2251 1786 2308 autem
1850 2241 2012 2307 illud
2081 2239 2479 2326 generaliter
2542 2241 2739 2317 dixit,

307 2345 627 2434 quoniam
687 2345 899 2409 omnis
943 2357 1241 2411 creatura
1299 2347 1433 2411 Dei
1489 2346 1653 2411 bona
1701 2355 1811 2424 est,
1855 2356 1919 2410 et
1962 2346 2141 2410 nihil
2178 2355 2275 2409 est
2331 2344 2737 2410 reiciendum.

306 2450 536 2513 omnia
567 2457 792 2513 autem
823 2446 1012 2513 utilia
1043 2459 1201 2513 sunt
1220 2473 1236 2529 ;
1281 2449 1507 2537 itaque
1553 2459 1622 2518 et
1654 2449 1765 2515 illa
1811 2470 1983 2534 quae
2013 2450 2081 2513 in
2126 2470 2319 2514 usum
2352 2469 2544 2515 escae
2574 2449 2737 2515 data

313 2562 474 2616 sunt
523 2573 660 2616 non
699 2562 856 2617 sunt
904 2553 1254 2632 reicienda,
1289 2554 1404 2619 sed
1452 2554 1677 2636 potius
1717 2554 2115 2635 recipienda,
2161 2574 2242 2617 eo
2273 2554 2455 2636 quod
2500 2574 2539 2618 a
2585 2554 2737 2616 Deo
2765 2570 2849 2619 20

307 2656 443 2720 sint
488 2658 575 2720 ad
623 2656 750 2719 hoc
795 2657 989 2721 facta.
1080 2658 1324 2723 adiecit
1369 2668 1595 2723 autem
1642 2658 1881 2725 iterum
1928 2666 1997 2721 et
2043 2658 2319 2725 modum
2366 2658 2734 2723 secundum

307 2781 508 2843 quem
541 2768 806 2841 oportet
837 2761 1110 2824 eosdem
1143 2778 1330 2823 escas
1363 2742 1693 2825 insumere
1724 2781 1737 2825 :

437 2928 746 3011 quoniam
773 2950 919 2994 cum
937 2928 1328 3010 gratiarum
1359 2928 1606 2995 actione
1613 2927 1989 3012 percepitur.
2058 2970 2065 2977 -

435 3057 680 3121 deinde
711 3058 915 3122 adicit
944 3066 1012 3127 et
1044 3059 1226 3145 quod
1259 3080 1348 3122 ex
1383 3056 1513 3123 illis
1541 3056 1797 3125 lucrum
1830 3059 2045 3143 possit
2085 3058 2389 3125 adnasci:

436 3199 884 3284 sanctfflcatur
910 3212 1128 3265 autem
1144 3213 1274 3284 per
1295 3202 1564 3267 uerbum
1592 3200 1729 3266 Da·
1752 3212 1817 3266 et
1840 3202 2214 3265 orationem.
2768 3224 2802 3270 2
2812 3221 2845 3289 5
2944 3254 2949 3262 .

438 3330 632 3391 ‘nam
693 3328 1058 3412 insumptio
1117 3349 1434 3405 escarum,
1486 3330 1760 3412 quando
1820 3349 1972 3393 cum
2033 3328 2398 3411 gratiarum
2458 3328 2740 3395 efficitur

411 3510 432 3545 r
469 3492 673 3543 edicens
694 3493 763 3542 H
981 3511 1012 3555 4
1044 3492 1148 3543 inis
1173 3493 1263 3542 Cr
1285 3488 1298 3557 Ι
1325 3491 1496 3557 largiri
1527 3492 1571 3540 C
1585 3493 1737 3554 (corr)
1760 3506 1793 3539 r
1991 3488 2023 3539 6
2056 3490 2311 3541 actionum
2340 3490 2422 3543 C'
2460 3490 2656 3543 actione
2678 3491 2748 3541 H

309 3586 336 3637 7
371 3571 823 3637 opifieationesC*
1073 3574 1106 3623 8
1140 3571 1248 3623 fieri
1279 3588 1424 3623 comi.
1459 3573 1528 3622 H
1760 3587 1813 3622 11
1851 3570 2049 3635 require
2076 3571 2224 3620 CH:
2256 3577 2339 3619 m
2359 3588 2393 3620 r
2590 3587 2649 3625 n
2682 3578 2734 3623 et

305 3651 412 3717 (bd
418 3650 575 3717 quod)
597 3653 702 3701 add
718 3669 752 3701 r
901 3668 960 3717 ¹³
992 3652 1282 3707 adnitantur
1309 3653 1353 3704 C
1367 3652 1392 3675 ⁸
1412 3653 1480 3703 H
1485 3668 1518 3700 r
1672 3664 1727 3713 15
1764 3651 2005 3716 quoniam
2028 3650 2141 3715 (for
2160 3649 2297 3716 quia)
2320 3667 2353 3699 r
2378 3649 2389 3715 Ι
2416 3651 2735 3703 reiecientem

319 3734 364 3785 C
377 3732 406 3759 ⁴*
432 3734 722 3787 reicientem
757 3734 820 3789 Η
1053 3733 1111 3787 16
1144 3749 1251 3785 noa
1273 3732 1377 3798 (bes
1385 3731 1562 3798 possit)
1584 3732 1692 3782 add
1709 3748 1742 3781 r
1982 3744 2040 3795 17
2076 3732 2202 3781 illud
2224 3734 2360 3781 enim
2388 3733 2431 3780 C
2448 3732 2577 3783 illud
2596 3732 2735 3796 quod

308 3832 342 3864 r
365 3811 376 3878 Ι
405 3822 481 3866 est
504 3812 603 3879 (qft
621 3812 830 3879 factum)
852 3814 960 3865 ald
994 3815 1038 3865 C
1047 3831 1080 3862 r
1103 3812 1116 3879 t
1141 3814 1442 3879 generaliter
1471 3814 1596 3863 illud
1620 3830 1653 3863 r
1818 3814 1878 3863 18
1912 3820 1987 3863 est
2009 3812 2109 3877 (ast
2126 3811 2272 3875 nihil)
2295 3827 2381 3863 om
2404 3828 2437 3861 r
2460 3818 2469 3877 Ι
2498 3812 2732 3863 reiecien·

305 3896 428 3951 dum
457 3896 502 3945 C
512 3895 541 3920 ⁴*
742 3912 802 3949 22
838 3896 1047 3948 easdem
1065 3912 1100 3945 r
1293 3910 1356 3959 ²3
1389 3895 1526 3960 quod
1551 3893 1670 3959 (fhr
1688 3894 1949 3959 quoniam)
1977 3894 2022 3943 C
2056 3893 2206 3955 (corr)
2231 3909 2263 3942 r
2391 3908 2455 3956 24
2486 3892 2670 3943 adiecit
2704 3908 2739 3942 r

308 3974 374 4026 26
406 3977 460 4027 in
480 3976 766 4041 sumptione
794 3977 880 4030 Cr

309 4105 596 4173 explaining
627 4106 744 4171 why
781 4107 835 4157 S.
876 4106 1002 4156 Paul
1037 4114 1196 4157 wrote
1234 4108 1332 4157 τοῖς
1358 4124 1470 4157 πισ-
1646 4122 1721 4157 11.
1788 4105 1976 4171 requie]
2043 4106 2141 4156 See
2182 4118 2265 4154 vv.
2310 4104 2386 4163 11„
2432 4107 2531 4157 and
2576 4108 2643 4158 cf.
2690 4120 2731 4163 r.

307 4186 411 4237 τοῖς
442 4186 610 4239 rather
643 4188 764 4241 than
797 4190 896 4238 τοῖς
927 4190 1094 4241 πᾶσιν.
1179 4187 1259 4237 Cf.
1305 4186 1466 4251 infra,
1572 4205 1624 4254 p.
1656 4202 1769 4251 250,
1800 4189 1835 4237 1.
1862 4202 1909 4251 5,
1940 4195 2075 4237 note.
2150 4186 2254 4237 For
2283 4188 2382 4238 this
2412 4189 2647 4255 meaning
2681 4191 2741 4240 os

307 4265 343 4315 1.
372 4279 420 4331 9.
1571 4268 1779 4333 requies,
1809 4282 1975 4331 comp.
2001 4282 2093 4316 our
2117 4267 2735 4321 “refreshment”=food.

375 4366 421 4409 4.
494 4348 700 4417 largire]
735 4348 815 4399 Cf.
831 4350 1018 4419 largita
1039 4348 1091 4413 (l.
1115 4366 1136 4401 1
1149 4348 1211 4414 ι).
1245 4348 1469 4411 Εὸηεοῖι,
1641 4363 1668 4397 α
1675 4362 1723 4411 5.
1790 4348 2133 4412 sanctzficatur
2178 4347 2366 4410 autem]
2431 4349 2591 4401 Latin.
2625 4368 2735 4402 ver·

311 4428 467 4490 Rata,
495 4444 546 4495 p.
579 4442 691 4491 300.
1575 4427 1729 4488 siens,
1764 4428 1854 4478 “s.
1882 4425 2084 4491 enim;''
2119 4428 2221 4478 and
2243 4444 2301 4480 so
2322 4430 2408 4479 the
2432 4430 2531 4481 Gk.
