3250 5025
358 334 663 419 22—25.]
982 352 989 359 ·
1068 348 1153 399 IN
1204 350 1307 399 ΕΡ.
1356 350 1460 399 AD
1509 350 2035 405 PHILEMONEM.
2651 340 2772 419 285

486 522 693 585 simul
712 532 775 586 et
786 534 964 605 para
996 521 1166 586 milei
1189 522 1557 605 hospitium,
1586 535 1766 607 spero
1795 533 2011 588 autem
2040 524 2348 608 quoniam
2379 524 2781 589 orationibus

356 626 595 689 uestris
620 626 906 689 donabor
930 627 1125 691 uobis.

488 751 734 816 deinde
763 752 1016 817 salutat
1047 773 1201 816 eum
1233 753 1319 817 ab
1354 752 1716 836 Epaphra:

485 878 736 951 salutat
762 897 823 951 te
846 887 1215 971 Epaphras,
1247 889 1655 971 concaptiuus
1683 910 1858 953 meus
1889 890 1956 954 in
1993 890 2247 956 Christo
2275 894 2442 956 Iesu.

492 1011 1003 1093 ‘concaptiuum
1050 1009 1282 1073 suum’
1335 1009 1531 1087 dixit,
1580 1030 1662 1073 eo
1713 1012 1894 1093 quod
1942 1014 2552 1078 communicauerat
2606 1014 2664 1078 ei
2714 1015 2778 1077 in
2854 1035 2886 1101 5

359 1111 487 1175 illis
520 1114 925 1177 maeroribus
958 1134 1124 1196 quos
1156 1133 1277 1196 pro
1314 1112 1580 1178 Christo
1614 1114 1756 1197 ipse
1788 1114 2184 1179 sustinebat.

488 1264 781 1343 Marcus,
812 1265 874 1328 Α
887 1266 1263 1343 νιζςίανεΙιιιε,
1295 1268 1559 1345 DemaS,
1591 1266 1832 1349 Lucas,
1861 1270 2213 1351 cooperarii
2237 1269 2380 1335 mei.

493 1404 749 1449 necnon
795 1396 865 1449 et
910 1409 951 1451 a
1000 1388 1231 1451 Marco
1276 1397 1355 1451 et
1402 1387 1798 1453 Aristarcho
1845 1399 1915 1453 et
1968 1390 2188 1453 Dema
2237 1399 2306 1453 et
2361 1390 2564 1467 Luca,
2611 1411 2782 1474 quos

360 1486 561 1549 etiam
606 1492 940 1569 operarios
982 1511 1137 1553 suos
1179 1488 1361 1569 dicit,
1410 1511 1492 1554 eo
1536 1490 1719 1573 quod
1771 1491 2205 1556 conlaborent
2253 1494 2314 1556 ei
2365 1494 2453 1557 ob
2497 1492 2780 1558 aliorum

361 1593 737 1658 utilitatem.
829 1601 985 1676 post
1015 1592 1144 1656 hoc
1174 1601 1490 1656 consuete
1522 1594 1765 1657 adicit:
2409 1646 2416 1653 .
2816 1630 2896 1678 10

478 1736 712 1819 gratia
740 1736 997 1800 domini
1020 1735 1229 1799 nostri
1253 1735 1402 1799 Iesu
1439 1734 1689 1800 Cleristi
1713 1758 1858 1800 cum
1886 1738 2126 1821 spzrt’tu
2173 1748 2396 1803 uestra.
2487 1761 2693 1805 amen.

494 1867 560 1929 in
593 1865 696 1930 his
727 1867 1224 1930 consummauit
1254 1864 1609 1948 epistolam
1643 1887 1851 1930 suam.

464 2049 491 2099 5
527 2034 651 2085 dicit
671 2035 741 2084 H
753 2052 786 2083 r
1009 2032 1041 2083 6
1075 2048 1205 2099 quae
1229 2030 1341 2097 (for
1361 2030 1505 2098 quos)
1530 2033 1592 2084 H
1612 2050 1645 2081 r
1876 2049 1908 2099 9
1941 2034 2139 2099 operios
2161 2033 2270 2099 (sic)
2297 2037 2365 2084 H
2382 2033 2390 2099 Ι
2420 2036 2786 2088 collaborarent

372 2115 417 2165 C
434 2132 467 2163 r
676 2130 738 2166 10
755 2130 829 2180 sq.
854 2120 969 2180 post
990 2115 1237 2182 hoc...ep.
1261 2128 1403 2163 suam
1425 2129 1503 2163 om
1527 2130 1560 2161 r

436 2278 479 2313 ι.
534 2270 670 2328 spero
721 2263 909 2325 autem]
998 2262 1069 2313 So
1107 2278 1139 2312 a
1176 2259 1381 2324 solitary
1419 2260 1519 2310 Gk.
1625 2260 1780 2320 res;”
1814 2261 1962 2312 O.L.
1986 2261 2088 2310 and
2117 2261 2288 2327 vulg„
2318 2267 2349 2290 “
2365 2262 2615 2313 adiutores
2626 2261 2684 2325 ;'’
2717 2264 2782 2314 cs.

365 2348 557 2398 cursive
610 2348 711 2397 and
766 2347 853 2396 the
904 2346 1125 2396 Peshito.
1210 2342 1525 2393 Orationibus
1629 2355 1666 2393 1.
1709 2360 1758 2407 p.
1797 2355 1908 2409 309,
1951 2342 1987 2392 1.
2023 2363 2070 2406 4,
2112 2351 2244 2393 note.
2333 2344 2446 2394 The
2483 2360 2571 2395 use
2609 2345 2669 2395 of
2699 2347 2784 2396 the

366 2428 545 2477 uestris
568 2424 668 2491 (διὰ
689 2424 785 2475 τῶν
808 2423 1091 2490 προσευχῶν
1120 2420 1265 2487 ὑμῶν)
1300 2420 1343 2471 is
1376 2436 1406 2469 a
1439 2419 1525 2468 de·
1625 2424 1807 2489 simple
1829 2425 1956 2474 form
1981 2424 2086 2488 just
2107 2424 2272 2474 below
2295 2426 2351 2487 (1.
2376 2426 2427 2492 9)
2452 2441 2613 2475 seems
2644 2433 2698 2475 to
2720 2427 2785 2477 be

365 2517 564 2575 pas-ture
595 2517 646 2560 at
682 2525 807 2559 once
840 2508 969 2558 from
1002 2508 1087 2558 the
1122 2507 1271 2558 Latin
1303 2506 1526 2558 versions
1626 2523 1658 2556 a
1692 2506 1976 2566 classicism,
2020 2506 2146 2556 aster
2181 2506 2269 2556 the
2307 2506 2476 2557 model
2514 2506 2573 2558 of
2603 2507 2784 2559 “ciues

364 2593 465 2643 and
506 2593 633 2642 from
678 2593 764 2642 the
811 2591 915 2642 Gk.
959 2591 1524 2654 Quoniam...donabor;
1624 2587 1725 2637 mei
1743 2585 1806 2647 ;”
1839 2587 1901 2638 cf.
1933 2600 1968 2637 1.
1996 2604 2047 2653 p.
2074 2590 2184 2650 308,
2212 2587 2248 2636 1.
2279 2604 2355 2650 14.

367 2674 635 2734 Ambrstr„
690 2674 926 2731 Claram..
984 2671 1171 2738 “quod
1226 2671 1524 2735 donabor;”
1693 2682 1742 2733 9·
1817 2684 1868 2718 eo
1897 2668 2032 2732 quod
2059 2667 2384 2725 conlaborenl,
2420 2666 2539 2730 &c.]
2610 2669 2690 2719 cf.
2744 2682 2782 2718 1.

368 2757 541 2821 Vulg.,
569 2755 696 2805 after
714 2756 931 2820 Jerome.
959 2755 1179 2804 “donari
1201 2753 1337 2805 me.”
1625 2765 1714 2814 pp.
1741 2761 1851 2811 247,
1879 2748 1913 2798 l.
1941 2746 1990 2804 6,
2017 2762 2129 2813 309,
2153 2747 2188 2796 1.
2213 2747 2272 2806 63
2305 2747 2407 2797 and
2437 2748 2513 2797 for
2535 2749 2621 2799 the
2643 2765 2787 2801 sense

434 2858 482 2904 4.
551 2837 761 2899 salutat]
816 2838 887 2888 So
909 2837 995 2886 the
1018 2836 1192 2902 Vulg„
1218 2836 1318 2886 and
1341 2851 1527 2902 among
1625 2832 1862 2882 attached
1897 2839 1950 2882 to
1983 2833 2126 2895 ἔργον
2157 2831 2259 2881 and
2291 2830 2356 2880 its
2389 2831 2686 2884 derivatives
2717 2834 2787 2897 by

368 2903 459 2971 the¹
478 2919 581 2971 Gk.
606 2917 899 2970 authorities
920 2919 1098 2983 Chrys.
1124 2919 1224 2968 and
1248 2918 1404 2968 Thdt.
1630 2915 1682 2966 S.
1713 2913 1852 2976 Paul,
1880 2929 1963 2965 see
1987 2925 2024 2964 1.
2053 2929 2100 2979 p.
2129 2927 2240 2976 232,
2267 2912 2301 2962 1.
2331 2927 2376 2977 3,
2405 2920 2539 2965 note.

440 3015 485 3066 7.
556 3003 841 3068 coeperat-iz]
912 3002 1145 3061 Hieron„
1186 3007 1524 3066 “cooperato-
