3250 5025
313 336 445 403 111.
475 337 694 423 4—7.]
883 352 968 403 m
1015 352 1122 405 ΕΡ.
1168 353 1272 405 AD
1318 351 2071 405 THESSALomcENsEs
2117 351 2196 402 11.
2650 336 2731 401 61

441 543 598 588 nam
645 524 808 588 dum
852 523 1030 601 dicit,
1082 544 1158 587 se
1197 525 1284 589 de
1329 525 1425 588 eis
1469 524 1721 588 bonam
1766 522 2012 587 habere
2053 521 2527 587 confidentiam
2576 544 2741 606 quo-

313 630 492 693 niam
535 647 804 692 ornnem
839 630 980 691 eius
1011 628 1382 692 doctrinam
1415 647 1566 693 cum
1599 626 2043 691 sollicitudine
2076 627 2379 704 efficient,
2413 626 2741 689 sufficiens

313 742 414 797 est
464 741 532 796 et
581 732 939 796 exhortare
984 733 1152 808 illos,
1203 742 1276 797 ut
1329 732 1713 816 opinionem
1775 752 1965 796 suam
2024 752 2227 815 opere
2276 730 2537 795 firmam
2595 750 2741 795 esse

312 837 694 902 ostendant.
785 845 855 901 et
884 838 1126 901 iterum
1161 844 1310 901 orat
1335 856 1456 919 pro
1487 835 1619 899 illis
1650 836 1918 901 dicens:
1960 834 1969 843 ’

442 957 772 1023 Dominus
829 966 1046 1021 autem
1104 954 1363 1039 dirigat
1408 955 1602 1020 corda
1654 965 1873 1020 uestra
1926 954 1997 1023 in
2043 955 2316 1022 caritate
2360 957 2507 1035 Dei,
2556 968 2621 1024 et
2670 957 2742 1022 in
2815 971 2848 1038 5

297 1064 630 1147 patientia
666 1063 932 1130 Christi.

445 1178 462 1209 ‘
488 1176 838 1260 contingat
885 1174 1077 1239 uobis
1127 1173 1195 1238 in
1244 1194 1324 1237 ea
1375 1192 1768 1256 permanere
1821 1172 2100 1239 caritate
2151 1194 2327 1257 quae
2378 1192 2537 1259 erga
2585 1194 2740 1239 eum

313 1288 434 1355 est,
477 1279 840 1344 tolerantes
887 1278 1149 1343 etiamsi
1195 1287 1265 1343 et
1310 1278 1567 1362 aliquid
1619 1278 1977 1342 conueniat
2020 1299 2144 1362 pro
2189 1299 2271 1344 eo
2319 1276 2501 1363 pati.’
2582 1297 2740 1343 nam

313 1383 495 1465 quod
536 1383 714 1447 dixit
742 1382 879 1447 Dei
901 1393 966 1446 et
997 1382 1264 1459 Christi,
1311 1383 1376 1446 in
1419 1402 1776 1448 commune
1817 1384 1885 1448 id
1928 1384 2221 1467 positum
2268 1405 2414 1451 esse
2454 1385 2740 1463 uidetur,

313 1486 383 1550 id
415 1495 538 1561 est,
573 1495 588 1522 ‘
613 1486 679 1550 in
711 1487 991 1551 caritate
1021 1495 1092 1549 et
1122 1486 1484 1570 patientia.’
2775 1508 2856 1556 10

428 1606 866 1689 praecipimus
921 1614 1140 1670 autem
1197 1605 1394 1683 uobis,
1440 1606 1719 1688 fratres,
1776 1606 1845 1671 in
1899 1606 2156 1673 nomine
2212 1607 2471 1673 domini
2534 1607 2747 1673 nostri

308 1708 461 1773 Iesu
496 1708 759 1786 Christi,
792 1717 870 1772 ut
898 1707 1306 1773 subtrahatis
1344 1729 1460 1772 uos
1497 1710 1583 1774 ab
1621 1709 1806 1773 omni
1828 1709 2061 1791 fratre
2104 1709 2472 1775 inordinate
2512 1710 2739 1776 ambu-

310 1813 500 1890 lante,
531 1824 594 1877 et
621 1834 746 1877 non
775 1812 1124 1876 secundum
1155 1813 1568 1877 traditionem
1598 1835 1799 1897 quam
1827 1826 2195 1898 acceperunt
2218 1836 2262 1879 a
2292 1814 2491 1879 nobis.

443 1925 835 1990 manifestus
881 1933 983 1989 est
1030 1924 1138 1988 hic
1192 1926 1539 1991 euidenter
1592 1926 1679 1989 de
1724 1926 2233 2008 indisciplinatis
2278 1928 2520 2006 dicere,
2571 1947 2739 2009 quos

311 2040 380 2096 et
426 2029 857 2094 uehementer
901 2028 1188 2111 corripit,
1219 2027 1633 2111 praecipiens
1675 2030 1879 2092 etiam
1924 2038 1997 2091 ut
2039 2050 2080 2093 a
2121 2030 2476 2113 conloquio
2508 2050 2736 2094 eorum
2774 2045 2845 2113 15

312 2155 460 2199 sese
505 2133 879 2199 cohibeant.
967 2132 1097 2196 hoc
1145 2134 1322 2195 enirn
1366 2143 1469 2195 est
1515 2133 1697 2215 quod
1746 2134 1955 2198 dicit:
1999 2144 2287 2216 separate
2326 2133 2433 2197 uel
2478 2134 2739 2198 subtra-

311 2238 444 2303 ltite
493 2260 653 2314 uos,·
714 2238 842 2302 hoc
895 2247 1013 2310 est,
1073 2235 1487 2301 ‘adcelerate
1530 2257 1875 2301 secernere
1920 2258 2041 2301 uos
2094 2238 2180 2301 ab
2228 2238 2359 2301 illis
2404 2239 2517 2321 qui
2570 2238 2741 2302 tales

310 2344 502 2407 sunt.'
591 2353 661 2408 et
691 2351 766 2407 ut
797 2363 881 2407 ne
915 2344 1258 2407 uideretur
1288 2343 1495 2406 uerbo
1531 2350 1797 2407 tanturn
1830 2342 1897 2405 id
1930 2342 2191 2406 tradere
2220 2366 2233 2406 :
2321 2398 2329 2405 .

445 2456 578 2540 apsi
599 2456 772 2520 enim
799 2455 982 2521 scitis
1017 2455 1558 2539 quemadmodum
1604 2463 1884 2540 oporteat
1926 2454 2189 2520 imitari
2224 2474 2341 2519 nos
2356 2476 2388 2534 ,·
2433 2451 2739 2539 quoniam

311 2581 440 2624 non
471 2559 748 2643 inquieti
755 2560 1032 2640 fuimus
1063 2560 1134 2624 in
1165 2559 1361 2623 uobis.
2768 2579 2855 2625 20

415 2721 438 2756 1
476 2712 528 2756 et
560 2705 670 2770 (bes
685 2704 946 2771 quoniam)
977 2704 1083 2752 add
1103 2703 1193 2754 Cr
1463 2717 1493 2752 α
1527 2703 1749 2754 efficiens
1783 2704 1897 2769 (sor
1926 2703 2163 2765 efficient)
2192 2702 2387 2754 C'Hr
2450 2701 2669 2753 efficiant
2700 2703 2743 2752 C

313 2788 462 2856 (corr)
672 2805 700 2854 3
735 2789 988 2840 exhortari
1014 2790 1060 2839 C
1079 2786 1228 2849 (corr)
1430 2785 1463 2836 6
1496 2788 1549 2837 in
1572 2788 1680 2852 (bes
1691 2794 1797 2853 pat.
1828 2785 1973 2851 Chr.)
1995 2787 2101 2836 add
2115 2803 2149 2836 r
2349 2798 2375 2851 7
2410 2801 2567 2852 perm.
2596 2786 2651 2836 in
2681 2801 2742 2834 ea

314 2887 414 2923 car.
442 2873 533 2922 Cr
594 2888 754 2937 perm.
780 2872 833 2921 in
856 2873 943 2922 illa
965 2888 1006 2922 c.
1034 2873 1062 2921 Ι
1205 2887 1260 2922 11
1298 2871 1653 2922 denuntiamus
1680 2869 1793 2933 (sor
1812 2870 2165 2935 praecipimus)
2189 2885 2223 2920 r
2356 2885 2416 2932 14
2450 2868 2742 2918 manifestus

312 2963 390 3005 est
409 2955 528 3004 hinc
557 2953 627 3005 C*
693 2955 1012 3005 manifestum
1051 2961 1126 3005 est
1169 2955 1253 3004 hic
1297 2956 1343 3005 C
1379 2957 1530 3016 (corr)
1595 2953 1917 3003 manifestum
1938 2961 2013 3002 est
2036 2952 2154 3001 hinc
2177 2953 2279 3002 Ην
2496 2963 2553 3014 15
2588 2951 2739 3002 etiarn

314 3043 366 3087 et
391 3035 487 3102 (afl
505 3034 578 3099 ut)
602 3037 709 3086 add
730 3037 854 3086 CH
1063 3034 1122 3085 16
1153 3036 1250 3086 hoc
1275 3042 1351 3086 est
1373 3036 1506 3086 enim
1531 3051 1564 3083 r
1762 3035 1821 3084 18
1855 3034 1926 3083 ait
1951 3034 2045 3100 (ast
2066 3031 2279 3098 tradere)
2304 3033 2411 3082 add
2428 3049 2460 3083 r

382 3166 430 3200 α.
495 3149 736 3216 suffia'ens
754 3155 836 3211 est,
872 3149 989 3211 &c.]
1055 3149 1230 3199 Thdt.:
1267 3150 1333 3199 εἰς
1361 3166 1476 3211 προ·
1579 3149 1722 3198 takes
1746 3163 1811 3197 no
1833 3147 2001 3197 notice
2023 3146 2083 3197 of
2099 3146 2196 3196 this
2210 3145 2486 3197 somewhat
2506 3145 2743 3197 doubtful

314 3233 500 3294 τροπήν
533 3229 692 3281 αὐτῶν
723 3235 945 3293 τέθεικεν,
990 3234 1070 3280 ἵνα
1108 3233 1342 3288 μαθόντες
1380 3233 1481 3282 οἵας
1581 3232 1847 3282 reference.

315 3315 422 3375 ἔχει
443 3313 584 3374 δόξας
605 3315 716 3377 περὶ
754 3311 909 3363 αὐτῶν
941 3317 1040 3364 τοῖς
1076 3318 1232 3379 ἔργοις
1267 3315 1476 3376 βεβαιώ-

317 3411 468 3444 σωσιν
482 3397 676 3446 ταύτας.

384 3488 431 3537 7.
497 3475 1045 3540 contingat...uidetur]
1101 3475 1252 3525 Cited
1268 3475 1477 3539 byLan-

317 3555 470 3606 franc·

383 3651 432 3702 9.
497 3637 633 3702 quod
679 3638 728 3687 d.
781 3639 919 3688 ‘Dei
971 3645 1017 3688 ct
1075 3636 1308 3697 Chm·sti,'
1363 3637 1479 3698 &c.]

316 3723 429 3773 The
463 3724 700 3786 meaning
731 3737 892 3770 seems
915 3728 968 3770 to
993 3721 1056 3770 be
1088 3721 1196 3770 that
1234 3722 1288 3770 S.
1315 3720 1480 3769 Paul’s

318 3806 485 3855 words
508 3820 592 3854 are
622 3805 676 3853 in
699 3804 846 3853 effect
870 3803 955 3853 the
977 3820 1115 3852 same
1145 3819 1200 3852 as
1224 3804 1266 3851 if
1291 3802 1357 3852 he
1377 3802 1480 3852 had

318 3886 515 3936 written
549 3888 616 3936 εἰς
654 3883 742 3944 τήν
773 3884 971 3946 ἀγάπην
999 3887 1080 3933 καὶ
1115 3883 1358 3943 ὑπομονὴν
1394 3881 1484 3932 τοῦ

318 3971 430 4018 θεοῦ
464 3971 543 4018 καὶ
574 3970 662 4018 τοῦ
681 3969 912 4031 Χριστοῦ.
988 3967 1066 4017 Cf.
1093 3967 1234 4016 Th.'s
1257 3967 1480 4016 remarks

317 4067 385 4100 on
431 4051 548 4101 Gal.
593 4050 629 4099 i.
669 4065 718 4100 ⁴2.
789 4051 928 4098 Most
973 4049 1032 4098 of
1069 4049 1155 4099 the
1201 4049 1301 4098 Gk.
1344 4065 1478 4098 com·

315 4139 608 4190 mentators‚
633 4131 890 4195 following
915 4132 1000 4182 the
1030 4132 1146 4181 lead
1177 4131 1234 4180 of
1264 4132 1316 4182 S.
1342 4131 1482 4181 Basil

318 4214 396 4275 (de
439 4216 526 4278 Sp.
566 4230 606 4262 s.
649 4214 750 4277 αι),
801 4216 976 4278 regat-d
1025 4215 1124 4264 this
1167 4230 1305 4264 verse
1351 4231 1406 4264 as
1449 4231 1482 4264 a

318 4313 495 4361 prayer
523 4303 578 4346 to
600 4295 686 4345 the
713 4297 855 4360 Holy
879 4297 1058 4360 Spirit;
1094 4297 1212 4356 Th.‚
1243 4297 1479 4346 notwith-

317 4376 555 4440 standing
597 4376 676 4425 his
719 4385 916 4426 earnest
962 4376 1253 4440 opposition
1297 4381 1351 4424 to
1395 4376 1482 4425 the

323 4457 774 4507 Pneumatomachi
821 4455 880 4518 (1.
923 4473 973 4522 p.
1015 4472 1124 4523 194·
1170 4457 1203 4506 l.
1244 4455 1292 4516 6,
1325 4457 1482 4520 note),

1652 3327 1724 3363 ια.
1792 3310 2096 3371 inordinate]
2142 3311 2212 3361 So
2234 3311 2382 3367 Am.;
2417 3311 2587 3371 Fuld„
2615 3309 2741 3360 after

1579 3395 1735 3458 Aug„
1771 3391 2093 3458 “inquiete’'
2156 3392 2744 3456 Αιτιρενιιηίεπαρέλα-

1577 3479 1685 3538 βον,
1715 3476 1801 3525 the
1833 3475 2040 3539 reading
2068 3475 2128 3524 of
2155 3475 2332 3539 Chrys.
2364 3475 2465 3523 and
2497 3473 2556 3522 of
2582 3474 2740 3522 Thdt.

1579 3556 1650 3606 ad
1668 3556 1717 3605 h.
1740 3556 1777 3603 l.
1848 3555 1919 3605 So
1943 3555 2008 3604 O.
2042 3555 2099 3603 L.
2126 3555 2418 3619 (generally)
2438 3553 2539 3603 and
2556 3555 2705 3618 Vulg.
2727 3572 2742 3614 3

1584 3639 1833 3688 Ambrstr.
1844 3673 1857 3698 ,
1888 3642 1920 3665 ‘⁸
1938 3637 2214 3702 accepistis,
2224 3635 2251 3658 ’²

1654 3717 1727 3770 16.
1799 3721 1886 3768 hoc
1914 3721 2045 3769 enim
2086 3726 2157 3769 cst
2192 3719 2327 3783 quod
2354 3719 2411 3768 d..
2447 3720 2691 3782 ‘separate
2707 3718 2740 3780 ’]

1581 3801 1707 3849 This
1730 3801 1997 3864 rendering
2019 3799 2077 3849 of
2104 3801 2401 3848 στέλλεσθαι
2430 3800 2745 3848 occurs'also

1578 3882 1632 3931 in
1657 3882 1741 3931 the
1764 3882 1963 3932 treatise
1986 3883 2043 3930 de
2062 3883 2246 3944 singul.
2264 3883 2419 3930 cleric.
2444 3882 2667 3930 ascribed
2690 3890 2743 3931 to

1581 3968 1635 4018 S.
1657 3967 1877 4031 Cyprian
1898 3965 2117 4025 (Hartel,
2140 3975 2229 4012 111.
2248 3979 2299 4026 p.
2323 3963 2436 4028 212)
2454 3980 2469 4022 ς
2488 3964 2735 4013 Ambrstr.

1579 4049 1720 4112 gives
1760 4046 2002 4096 “secerni
2025 4042 2171 4094 uos-'³
2230 4043 2375 4092 With
2407 4042 2552 4094 Th.’s
2574 4045 2743 4108 expla-

1581 4128 1753 4178 nation
1795 4126 1857 4177 cf.
1900 4127 2077 4175 Thdt.:
2111 4127 2169 4174 τὸ
2200 4125 2495 4174 στέλλεσθαι
2526 4123 2631 4174 ἀντὶ
2658 4119 2745 4174 τοῦ

1581 4212 1873 4274 χωρίζεσθαι
1895 4211 2120 4267 τέθεικεν,
2143 4209 2243 4259 and
2265 4224 2433 4273 comp.
2459 4209 2571 4258 Gal.
2597 4209 2649 4258 ii.
2684 4225 2739 4259 12

1579 4289 1897 4354 (ὑπέστελλεν
1918 4290 2088 4339 ἑαυτὸν
2100 4309 2143 4330 =
2154 4287 2465 4337 subtrahebat
2482 4289 2727 4352 sct'pfflm).

1651 4389 1731 4423 20.
1799 4373 1858 4424 in
1882 4371 2038 4434 uobis]
2061 4372 2127 4422 O.
2155 4372 2215 4422 L.
2238 4373 2339 4421 and
2362 4371 2536 4436 vulg„
2565 4376 2598 4401 ‘⁸
2617 4371 2747 4422 inter

1589 4453 1735 4506 uos,”
