3250 5025
353 314 471 380 IV.
515 327 607 395 15,
649 312 770 399 ιὰ]
927 326 1010 377 IN
1060 326 1170 377 ΕΡ.
1217 324 1319 375 An
1364 320 2115 377 THESSALONICENSES
2161 323 2207 372 1.
2685 324 2769 387 29

478 496 786 579 quoniam
846 500 962 560 nos
1017 495 1136 580 qui
1193 494 1498 573 uiuimus,
1560 495 1680 577 qui
1733 493 2290 578 subrelinquimur
2346 493 2418 558 in
2484 493 2772 557 aduentu

347 596 643 662 Domini.

481 725 714 811 †quod
741 726 919 789 dixit
949 746 1077 801 nos,
1109 744 1244 789 non
1276 725 1361 789 de
1391 746 1464 789 se
1496 745 1713 807 neque
1743 725 1829 788 de
1860 721 1987 788 illis
2019 724 2133 807 qui
2166 724 2233 787 in
2265 724 2596 807 praesenti
2631 726 2773 788 uita

350 839 513 895 tunc
543 829 961 893 habebantur
991 829 1170 903 dicit,
1205 829 1322 892 sed
1356 829 1442 892 de
1473 828 1601 891 illis
1644 827 1952 891 fidelibus
1991 828 2105 910 qui
2137 837 2296 892 tunc
2339 829 2573 891 uicturi
2617 836 2774 891 sunt

352 935 623 1016 quando
675 934 1064 997 resurrectio
1117 941 1220 997 est
1264 932 1503 997 futura.
1601 952 1716 994 nos
1761 932 1959 1005 dixit,
2007 928 2137 993 hoc
2185 939 2287 994 est
2338 936 2353 963 ‘
2376 928 2643 1005 fideleS,'
2693 952 2773 993 eo
2847 945 2877 1011 5

353 1040 534 1123 quod
589 1049 658 1103 et
705 1038 848 1121 ipse
885 1037 1038 1101 talis
1082 1045 1224 1099 erat
1263 1045 1331 1099 et
1371 1036 1456 1099 ad
1501 1034 1669 1098 tales
1708 1034 2055 1097 scribebat.
2159 1034 2339 1098 unde
2377 1042 2444 1097 et
2492 1034 2772 1099 adiecit:

353 1142 471 1224 qui
493 1138 1050 1220 subrelinquimur
1077 1138 1148 1201 in
1178 1137 1464 1201 aduentu
1494 1133 1851 1213 Domini*;
1896 1133 2256 1199 ostendens
2286 1136 2603 1218 quoniam
2636 1156 2771 1199 non

355 1244 441 1307 de
487 1241 614 1305 illis
657 1242 770 1325 qui
816 1240 956 1304 eius
995 1250 1297 1322 tempore
1336 1240 1657 1303 uiuebant
1697 1238 1876 1316 dicit,
1910 1235 2027 1300 sed
2069 1238 2155 1301 de
2192 1236 2321 1301 illis
2361 1238 2473 1320 qui
2516 1238 2583 1300 in
2622 1256 2777 1300 con-

358 1346 806 1411 summatione
836 1352 993 1406 sunt
1024 1342 1278 1406 uicturi.

484 1501 610 1543 non
623 1476 1120 1562 praeueniemus
1147 1477 1548 1543 dormientes.
2811 1501 2888 1548 10

487 1595 632 1659 uult
677 1596 896 1659 dicere
940 1595 1260 1678 quoniam
1313 1605 1615 1678 tempore
1669 1596 2145 1679 assumptionis
2198 1596 2347 1660 illos
2382 1595 2612 1661 fideles
2660 1598 2773 1679 qui

361 1701 496 1763 iam
556 1709 713 1763 sunt
774 1700 1018 1762 mortui
1081 1697 1172 1761 illi
1235 1699 1348 1780 qui
1400 1708 1560 1762 tunc
1610 1699 1679 1761 in
1729 1699 1871 1762 uita
1920 1702 2343 1765 inuenientur
2402 1722 2537 1765 non
2591 1722 2777 1783 prae-

360 1802 644 1865 uenient.
742 1801 922 1883 quod
956 1800 1329 1863 euidentius
1363 1801 1664 1863 indicans
1696 1800 1938 1863 adicit:

486 1942 796 2025 quoniam
826 1943 956 2025 {pse
983 1942 1316 2006 Dominus
1346 1943 1418 2006 in
1459 1943 1658 2021 iussu,
1692 1944 1763 2006 in
1802 1965 1944 2007 uoce
1980 1944 2371 2028 archangeli,
2403 1955 2469 2010 et
2509 1946 2581 2009 in
2622 1946 2779 2010 tuba

359 2045 493 2111 Dei
524 2046 845 2111 descendet
893 2046 973 2110 de
1017 2046 1180 2111 caelo
1197 2069 1230 2121 ,·
1276 2057 1342 2109 et
1386 2048 1634 2111 mortui
1672 2047 1790 2129 qui
1824 2057 1982 2110 sunt
2028 2048 2099 2111 in
2146 2046 2403 2114 Christo
2444 2061 2783 2133 resurgent
2812 2069 2881 2134 15

491 2211 567 2279 τὸ
601 2212 669 2279 δὲ
705 2212 884 2279 ιῖΜεῖο
926 2210 1001 2278 οὗ
1039 2214 1194 2301 περὶ
1238 2214 1469 2279 ἑαυτοῦ
1515 2210 1741 2299 φησίν·
1787 2211 1963 2277 ἀλλὰ
2006 2211 2174 2280 τοὺς
2217 2211 2543 2284 πιστοὺς
2584 2213 2778 2296 λέγει.

361 2312 469 2379 διὰ
529 2318 719 2381 τοῦτο
780 2313 1184 2411 προσέθηκεγ
1242 2312 1298 2380 oi
1357 2316 1849 2401 περιλειπόΜεΝοι
1926 2312 2009 2379 εἷο
2084 2314 2202 2381 nin
2281 2315 2605 2402 παρογοῖακ
2669 2321 2781 2395 ro?

367 2414 590 2504 κγρίογ.
2244 2411 2253 2421 ”

459 2585 514 2634 15
552 2571 808 2622 descendit
835 2555 912 2621 C*
940 2569 952 2636 Ι
981 2570 1034 2620 in
1056 2571 1178 2622 Chr.
1201 2578 1316 2621 sunt
1338 2587 1372 2620 r
1397 2570 1408 2637 Ι
1434 2578 1697 2636 resurgunt
1720 2589 1752 2622 r

1922 2570 1980 2621 16
2015 2571 2174 2622 Coisl.
2199 2588 2314 2636 204,
2343 2573 2378 2622 f.
2409 2586 2502 2638 170
2518 2576 2555 2625 b
2575 2575 2685 2638 [Cr.
2708 2579 2774 2628 vi.

367 2653 484 2720 362]
506 2655 564 2702 τὸ
587 2654 655 2712 δέ,
681 2655 824 2703 κ.τ.λ.

437 2797 478 2832 1.
539 2782 632 2851 qni
658 2781 1113 2846 subrelinquitnur]
1181 2781 1252 2834 So
1274 2783 1422 2847 again
1444 2783 1528 2832 be-

366 2863 482 2920 low,
507 2863 544 2912 1.
571 2877 630 2926 73
665 2863 730 2913 cs.
757 2876 794 2912 1.
812 2881 863 2929 p.
892 2879 1001 2927 113,
1030 2864 1064 2914 l.
1097 2863 1174 2922 16,
1197 2873 1332 2915 note.

435 2959 478 3006 3.
566 2943 701 3008 quod
747 2943 882 2992 dein-it
939 2942 1096 3003 ‘nos,’
1151 2945 1268 3006 δια]
1341 2944 1530 3009 Origen

369 3025 586 3090 (fragm.
645 3041 729 3089 ap.
783 3025 996 3076 Hieron.
1059 3033 1130 3090 ep.
1194 3041 1303 3091 119,
1354 3027 1530 3090 Migne

374 3107 436 3155 P.
461 3108 523 3156 L.
551 3121 630 3163 οι,
655 3104 772 3172 974)
809 3122 970 3156 seems
1005 3114 1060 3156 to
1098 3107 1228 3156 have
1265 3107 1534 3172 explained

371 3189 416 3235 ol
439 3185 622 3251 ζῶντες,
653 3188 697 3234 οἱ
719 3189 890 3248 νεκροί,
919 3186 980 3236 of
993 3187 1080 3236 the
1101 3186 1380 3251 spiritually
1401 3187 1533 3236 alive

365 3271 467 3319 and
485 3268 570 3319 the
593 3269 874 3334 spiritually
888 3269 1038 3318 dead.
1107 3269 1401 3319 Methodius
1426 3269 1527 3334 (ap.

369 3351 491 3402 Oec.
521 3352 593 3400 ad
607 3351 659 3399 Ιι.
675 3351 734 3413 Ι.)
753 3351 994 3415 regarded
1019 3349 1105 3400 the
1126 3350 1310 3401 former
1328 3359 1454 3400 term
1477 3367 1532 3400 as

370 3432 716 3497 representing
753 3430 841 3481 the
876 3431 1012 3482 souis
1048 3431 1106 3481 os
1145 3433 1404 3493 believerS,
1448 3432 1532 3482 the

369 3514 518 3564 latter
555 3513 685 3563 their
731 3511 922 3563 bodies.
995 3514 1210 3579 Against
1264 3513 1404 3564 these
1457 3521 1531 3563 at-

373 3603 561 3660 tempts
583 3602 636 3644 to
659 3610 840 3659 escape
862 3593 992 3644 from
1014 3595 1101 3645 the
1124 3594 1407 3646 difficulties
1429 3595 1487 3644 of
1501 3611 1534 3645 a

305 3681 316 3695 ⁶
371 3677 534 3726 literal
590 3676 972 3742 interpretation
1035 3677 1122 3727 the
1193 3677 1534 3728 Antiochen&

371 3758 722 3822 unanimously
765 3758 1017 3819 rebelled;
1061 3774 1144 3808 see
1175 3759 1377 3823 Jerome
1414 3760 1447 3809 l.
1469 3775 1504 3810 c.
1518 3793 1531 3817 ,

373 3840 488 3889 who
525 3839 646 3888 cites
690 3839 776 3889 the
819 3839 1078 3904 following
1115 3839 1245 3888 from
1281 3839 1534 3890 Diodorez

375 3923 408 3946 “
429 3934 518 3967 nos
550 3917 676 3967 dixit
719 3933 812 3982 pro
845 3933 906 3967 eo
941 3919 1078 3982 quod
1111 3925 1188 3967 est
1219 3917 1434 3978 iustos,
1471 3919 1536 3968 de

373 4015 588 4066 quorum
631 4008 681 4050 et
733 4015 830 4064 ego
881 4015 993 4049 sum
1042 4000 1537 4050 numero...uiuentes

375 4089 544 4130 autem
596 4096 702 4130 non
758 4081 898 4130 iuxta
950 4080 1286 4145 tropologiam
1336 4088 1537 4130 sanctos

375 4162 650 4226 accipimus
683 4161 772 4227 qui
806 4169 1016 4226 peccato
1045 4178 1151 4212 non
1182 4163 1363 4212 mortui
1401 4170 1532 4223 sunt,

375 4245 464 4294 sed
509 4259 684 4292 omnes
728 4259 856 4308 quos
899 4242 952 4292 in
1002 4258 1211 4309 corpore
1265 4243 1538 4292 adueniens

378 4323 607 4374 Christus
629 4321 926 4373 inuenerit.’‘
993 4323 1260 4373 Theodore
1284 4323 1343 4372 of
1375 4323 1536 4373 Hera-

378 4405 488 4455 clea
531 4405 629 4452 had
679 4404 830 4454 taken
876 4403 961 4454 the
1000 4419 1138 4454 same
1185 4405 1310 4454 view
1353 4404 1414 4453 of
1450 4405 1538 4455 the

1624 2798 1835 2847 passage
1846 2801 1863 2846 3
1918 2784 2018 2834 and
2062 2800 2135 2846 s0,
2188 2785 2385 2836 besides
2437 2801 2530 2836 our
2584 2787 2781 2848 author,

1628 2862 1805 2928 Chrys.
1831 2865 1906 2928 (τὸ
1923 2867 1975 2914 δὲ
1998 2865 2166 2925 ἡμεῖς
2187 2869 2241 2915 οὐ
2273 2868 2385 2929 περὶ
2406 2868 2577 2916 ἑαυτοῦ
2609 2870 2777 2930 φησίν,

1628 2945 1684 2993 οὐ
1718 2945 1819 3007 ’γὰρ
1854 2945 1913 3006 δὴ
1944 2947 2146 3005 ἔμελλεν
2178 2947 2325 3008 μέχρι
2362 2949 2447 3008 τῆς
2476 2945 2786 3001 ἀναστάσεως

1625 3025 1807 3083 μένειν·
1863 3025 1993 3075 ἀλλὰ
2031 3029 2143 3078 τοὺς
2180 3029 2380 3078 πιστοὺς
2414 3029 2595 3091 λέγει),
2632 3031 2783 3080 Seve-

1628 3106 1809 3156 rianus*
1839 3104 2043 3171 (ζῶντας
2084 3110 2159 3157 ἔτι
2189 3111 2320 3158 τινὰς
2360 3105 2594 3173 βούλεται
2638 3127 2783 3162 κατα.-

1628 3188 1973 3252 λαμβάνεσθαι
1994 3191 2045 3237 ἐν
2068 3187 2131 3251 τῇ
2164 3191 2405 3252 παρουσίᾳ
2428 3193 2516 3240 τοῦ
2548 3191 2777 3254 Χριστοῦ,

1630 3273 1711 3319 καὶ
1731 3271 1875 3318 τοῦτο
1896 3271 2157 3330 δηλοῦσθαι
2170 3272 2226 3319 ἐκ
2243 3270 2332 3319 τοῦ
2355 3275 2367 3297 ‘
2382 3268 2588 3332 ἡμεῖς,’
2610 3276 2781 3334 ura-A.)

1628 3350 1731 3398 and
1752 3350 1906 3400 Thdt.
1939 3347 2043 3414 (οὐκ
2076 3351 2157 3399 ἐπὶ
2196 3351 2282 3398 τοῦ
2314 3351 2485 3399 ἑαυτοῦ
2522 3353 2787 3415 προσώπου

1628 3433 1851 3491 τέθεικεν,
1896 3429 2011 3480 ἀλλ’
2055 3433 2139 3481 ἐπὶ
2181 3433 2278 3480 τῶν
2326 3432 2434 3481 κατ’
2476 3435 2656 3482 ἐκεῖνον
2697 3436 2783 3484 τὸν

1628 3514 1791 3574 καιρὸν
1810 3514 2068 3575 περιόντων
2091 3510 2385 3575 ἀνθρώπων).
2427 3514 2655 3578 Pelagius
2677 3531 2783 3565 suc-

1630 3593 1815 3644 ceeded
1838 3592 1891 3642 in
1924 3593 2158 3659 bringing
2189 3601 2277 3644 out
2310 3610 2449 3644 more
2481 3596 2677 3660 exactly
2699 3595 2785 3646 the

1630 3672 1766 3724 force
1799 3673 1859 3724 of
1880 3672 2029 3733 ἡμεῖς,
2063 3674 2229 3724 which
2261 3675 2329 3724 all
2360 3675 2501 3725 these
2532 3691 2786 3726 commen·

1632 3763 1787 3805 tators
1820 3757 1982 3820 partly
2004 3756 2211 3806 missed:
2249 3757 2497 3822 “semper
2531 3758 2787 3822 apostolus

1632 3837 1767 3886 diem
1824 3835 2033 3885 Domini
2085 3836 2203 3886 fecit
2256 3836 2441 3887 habere
2502 3826 2786 3904 suspectum

1633 3915 1775 3981 quasi
1798 3931 1883 3965 eos
1905 3916 1958 3964 in
1974 3930 2182 3979 corpore
2204 3915 2500 3966 inuenerit.”

1701 4009 1748 4060 5.
1816 3997 1986 4046 λοι-εει
2012 3995 2237 4060 ‘fideles-¹]
2268 3999 2378 4048 Hoc
2396 3999 2522 4050 estis
2544 4000 2790 4066 probably

1633 4093 1666 4126 a
1696 4076 1849 4141 glos,
1867 4076 2090 4126 whether
2112 4093 2179 4126 on
2203 4078 2287 4127 the
2317 4085 2428 4144 part
2450 4080 2509 4129 of
2524 4081 2609 4131 the
2629 4088 2787 4133 trans·

1635 4157 1767 4207 lator
1804 4173 1860 4206 01
1890 4157 1950 4207 of
1980 4174 2011 4207 a
2034 4159 2227 4223 copyist
2237 4177 2254 4220 ς
2293 4160 2392 4211 Th.
2423 4171 2579 4213 wrote
2608 4163 2791 4230 simply

1638 4238 1712 4300 ἡμ
1722 4242 1800 4290 εἷς
1821 4241 1959 4301 λέγει
1978 4242 2088 4291 τοὺς
2110 4239 2325 4292 πιστούς.

1704 4326 1753 4374 8.
1836 4324 1893 4372 in
1940 4322 2373 4388 consummatione]
2434 4327 2516 4374 ἐπὶ
2560 4325 2629 4388 τῇ
2677 4343 2790 4376 συν-

1639 4406 1829 4467 τελείᾳτ
1863 4405 1925 4454 cs.
1958 4418 1993 4454 1.
2024 4421 2071 4470 p.
2102 4404 2229 4464 6‚11.
2254 4405 2301 4466 6,
2336 4422 2393 4468 14
2414 4421 2491 4472 sq.
