3250 5025
501 369 630 437 250
1173 370 1628 423 THEODORUS
1676 370 2262 423 MOPSUESTENUS
2493 358 2608 441 [ΙΙ.
2652 352 2916 432 11-1'4

629 542 943 624 adparuit
996 555 1213 609 antem
1260 546 1493 629 gratia
1550 545 1688 610 Dei
1748 546 2102 610 saluatoris
2171 543 2468 609 omnibus
2531 545 2914 622 hominibus,

496 646 795 710 erudiens
852 669 967 712 nos
1024 659 1101 713 nt
1153 650 1538 734 abnegantes
1596 652 1985 735 impietatem
2057 660 2122 715 et
2174 650 2537 715 saecularia
2593 650 2916 713 desideria

496 747 700 812 sobrie
743 759 807 814 et
857 751 1019 816 iuste
1058 762 1123 816 et
1147 754 1260 836 pie
1302 754 1613 818 uiuamus
1659 754 1728 819 in
1772 754 1885 818 hoc
1929 754 2190 830 saeculo,
2234 763 2619 836 expectantes
2663 753 2914 817 beatam

496 863 667 934 spem
718 865 782 919 et
822 858 1175 922 aduentum
1214 860 1468 942 gloriae
1514 859 1748 943 magni
1789 859 1925 923 Dei
1969 869 2034 923 et
2085 857 2440 922 saluatoris
2497 856 2713 921 nostri
2763 856 2914 919 Iesn

432 965 464 1033 5
502 956 753 1023 Christi
762 985 793 1037 ,·
838 962 958 1043 qui
1004 962 1184 1027 dedit
1220 964 1623 1046 semetipsum
1655 975 1780 1046 pro
1823 962 2016 1037 nobis,
2047 971 2142 1025 ·nt
2177 960 2416 1044 eripiat
2455 981 2571 1023 nos
2611 959 2694 1024 ab
2737 957 2920 1022 omni

499 1064 844 1147 iniqnitate
910 1075 973 1129 et
1042 1068 1309 1131 mundet
1376 1066 1510 1131 sibi
1560 1066 1872 1150 populum
1945 1062 2397 1148 acceptabilem,
2445 1064 2915 1127 aemulatorem

498 1170 802 1234 bonorum
833 1181 1104 1253 opernm.

630 1343 818 1408 ‘talis
865 1344 1134 1430 (inquit)
1182 1356 1285 1411 est
1330 1367 1504 1411 nunc
1548 1346 1765 1430 gratia
1811 1365 1984 1429 quae
2027 1364 2148 1427 per
2193 1342 2534 1407 Christum
2583 1340 2911 1424 adparuit,

498 1467 670 1529 quae
710 1448 1022 1512 omnibus
1064 1458 1166 1513 est
1204 1450 1538 1527 discenda,
1577 1448 1676 1532 [ut
1717 1447 2153 1531 abnegantes]
2199 1448 2615 1531 impietatem
2655 1456 2725 1512 et
2765 1468 2914 1531 pra-

397 1570 473 1616 10
499 1551 776 1614 uitatem
825 1570 976 1614 cum
1028 1552 1281 1634 pietate
1328 1560 1396 1615 et
1436 1552 1690 1615 iustitia
1730 1552 1940 1615 uitam
1985 1560 2403 1633 praesentem
2450 1552 2914 1635 transigamus,

498 1660 567 1716 et
596 1653 909 1734 pudicam
952 1665 1020 1720 et
1064 1665 1320 1720 castam
1351 1657 1563 1720 uitam
1598 1664 1896 1719 nostram
1931 1676 2048 1739 per
2077 1657 2304 1720 omnia
2333 1656 2870 1722 demonstremus
2897 1680 2913 1738 ;

500 1758 593 1822 ita
646 1770 721 1823 ut
764 1768 1015 1824 statum
1063 1760 1354 1825 futurum
1405 1780 1603 1843 quem
1653 1769 2091 1841 expectamus
2137 1767 2336 1842 prout
2381 1749 2560 1841 potis
2597 1770 2697 1825 est
2737 1782 2912 1827 nunc

498 1865 834 1929 informati
868 1865 1129 1928 imitare
1160 1864 1521 1942 uideamur,
1546 1864 1834 1951 ⁴quando
1875 1871 2314 1944 expectamus
2360 1863 2581 1925 Deum
2625 1873 2694 1927 et
2731 1885 2912 1929 com-

500 1989 772 2033 munem
828 1978 1127 2034 nostrum
1182 1968 1584 2034 saluatorem
1637 1966 1996 2045 Christum,
2042 1968 2156 2050 qui
2212 1968 2563 2050 adparebit
2611 1970 2679 2033 in
2732 1991 2912 2035 com-

396 2085 465 2152 15
500 2095 700 2138 mune
744 2074 1053 2137 omnibus
1100 2074 1291 2137 nobis
1336 2071 1659 2135 beneficia
1702 2080 2087 2153 praestans;
2155 2072 2311 2153 quia
2347 2071 2435 2134 ob
2481 2068 2654 2136 hanc
2699 2073 2910 2157 ipsam

497 2199 767 2243 causam
798 2198 923 2260 pro
954 2178 1144 2243 nobis
1174 2178 1317 2261 pati
1361 2177 1597 2241 maluit
1639 2186 1713 2239 ut
1745 2197 1866 2243 nos
1906 2176 1993 2239 ab
2029 2176 2212 2239 omni
2250 2176 2531 2257 eriperet
2560 2177 2909 2258 prauitate,

499 2292 567 2345 et
627 2281 964 2363 proprium
1040 2280 1164 2343 sibi
1240 2280 1561 2362 populum
1640 2278 2017 2361 adquireret
2089 2280 2202 2361 qui
2263 2278 2454 2342 bonis
2514 2300 2778 2364 semper
2827 2284 2913 2346 sit

498 2385 808 2467 operibus
869 2384 1243 2467 praeditus!
1331 2394 1399 2449 et
1458 2384 1553 2449 sic
1612 2384 1972 2448 ostendens
2042 2404 2131 2447 ex
2184 2381 2428 2447 Christi
2489 2382 2784 2449 aduentu
2845 2396 2912 2449 et

498 2489 631 2554 illis
684 2510 856 2573 quae
908 2490 1277 2554 intentione
1331 2488 1507 2554 facta
1556 2498 1712 2553 sunt
1766 2488 2030 2570 pietatis
2086 2507 2167 2552 eo
2211 2487 2392 2570 quod
2441 2500 2602 2572 apta
2653 2490 2739 2554 sit
2785 2489 2912 2553 illis

386 2609 471 2656 20
500 2595 796 2658 maxime
854 2592 1061 2678 [erga]
1116 2595 1429 2657 uirtutem
1492 2594 1834 2672 industria,
1894 2593 2223 2675 siquidem
2284 2602 2353 2657 et
2411 2593 2574 2658 talia
2632 2614 2789 2678 erga
2841 2615 2914 2658 se

497 2699 717 2764 sutura
747 2707 1130 2780 expectant,
1161 2698 1416 2780 optime
1446 2699 1718 2761 adiecit:

594 2871 622 2922 5
656 2858 873 2923 seipsum
897 2858 967 2907 Η
1148 2875 1180 2926 9
1214 2858 1480 2909 discendae
1510 2859 1820 2923 impietatem
1848 2864 1896 2908 et
1930 2857 2174 2922 prauitate
2203 2871 2319 2906 cum
2344 2855 2532 2922 pietate
2553 2864 2602 2906 et
2625 2855 2812 2906 iustitia
2839 2855 2909 2906 C*

492 2939 733 2990 discenda
775 2947 830 2990 ut
873 2939 1178 3002 abnegantes
1222 2939 1533 3003 impietatem
1581 2947 1634 2989 et
1677 2939 1924 3003 prauitate
1965 2954 2080 2990 cum
2123 2938 2310 3003 pietate
2352 2946 2402 2987 et
2446 2937 2633 2988 iustitia
2680 2937 2723 2986 C
2758 2938 2909 2998 (corr)

493 3019 730 3070 distende
762 3019 1069 3084 impietatem
1104 3027 1155 3068 et
1188 3019 1481 3084 prauitatem
1516 3020 1840 3085 cupiditatem
1873 3025 1926 3070 et
1959 3027 2009 3069 et
2045 3018 2154 3081 [sic]
2186 3018 2424 3068 iustitiam
2457 3019 2523 3068 Η
2584 3017 2823 3066 discenda
2855 3024 2911 3067 ut

494 3100 804 3164 impietatem
838 3107 887 3149 et
919 3099 1217 3164 prauitatem
1252 3101 1577 3165 cupiditatem
1609 3109 1662 3150 et
1700 3099 1996 3149 iniustitiam
2032 3115 2065 3148 r
2264 3112 2322 3149 ιο
2354 3107 2404 3148 et
2439 3099 2548 3165 (bes
2565 3099 2738 3158 uitam)
2761 3099 2866 3146 add
2882 3113 2915 3146 r

501 3197 557 3231 ια
593 3187 757 3246 potest
782 3181 895 3247 (for
914 3196 961 3244 p.
993 3181 1060 3242 e.)
1085 3196 1118 3229 r
1381 3197 1436 3245 13
1472 3179 1656 3231 imitari
1685 3181 1730 3230 C
1749 3179 1894 3244 (corr)
1920 3198 1952 3229 r
2151 3191 2205 3241 15
2241 3179 2306 3228 ab
2328 3178 2424 3228 hac
2445 3179 2554 3244 ipsa
2575 3195 2724 3230 causa
2751 3177 2828 3230 C*
2855 3181 2922 3230 Η

502 3265 560 3313 ι8
582 3278 659 3327 sq.
684 3271 735 3312 et
756 3260 1105 3326 sic...imperio
1126 3277 1205 3311 om
1228 3277 1261 3311 r
1396 3277 1453 3328 19
1476 3263 1678 3312 illorum
1706 3263 1751 3312 C
1763 3262 1828 3310 H
1837 3277 1870 3310 r
1887 3262 1971 3325 [cf.
1997 3258 2217 3321 Ronsch,
2245 3260 2395 3320 Itala,
2415 3267 2471 3324 p.
2499 3259 2619 3322 442]
2765 3275 2823 3326 19
2847 3261 2912 3310 sit

494 3345 562 3395 sit
582 3345 651 3394 H
836 3360 901 3394 ἰο
932 3359 1051 3408 erga
1070 3345 1165 3407 [ιο]
1187 3361 1267 3394 om
1294 3345 1339 3394 C
1355 3345 1417 3394 H
1610 3359 1668 3394 τι
1707 3343 1860 3395 adicit
1889 3343 1934 3392 C

568 3501 613 3534 1.
678 3484 919 3548 adparuit
952 3481 1139 3548 autem]
1205 3484 1317 3534 The
1358 3484 1508 3534 Latin
1548 3500 1654 3534 ver-
1757 3485 1842 3534 the
1887 3499 2024 3534 same
2067 3483 2230 3534 view:
2288 3483 2552 3548 “Magnus
2593 3485 2732 3533 Deus
2771 3483 2913 3534 Iesus

499 3567 635 3617 sions
687 3566 817 3616 have
872 3565 1109 3616 “enim.''
1197 3566 1424 3630 Eripiat,
1476 3567 1652 3631 vulg„
1757 3565 1985 3614 Christus
2019 3564 2242 3614 saluator
2273 3563 2520 3624 dicitur?
2579 3566 2680 3615 and
2717 3566 2907 3630 Pelag.,

506 3643 877 3696 “redimeret.”
934 3645 1319 3704 Aemulatorem,
1364 3662 1421 3696 so
1472 3646 1647 3704 0.L.;
1754 3646 2086 3712 apparently:
2142 3647 2179 3673 ‘⁴
2199 3645 2444 3710 Spiritum
2487 3647 2594 3711 [leg.
2643 3646 2903 3698 Christum

500 3725 675 3790 vulg„
708 3724 1109 3776 “sectatorem.’'
1756 3728 1881 3792 (3551
1907 3729 1982 3778 sor
2005 3729 2162 3789 ffi;
2195 3731 2259 3779 cf.
2291 3742 2328 3778 1.
2357 3746 2406 3796 p.
2433 3729 2510 3792 36,
2541 3731 2575 3780 1.
2602 3744 2680 3790 20,
2709 3746 2790 3779 vv.
2809 3729 2908 3794 ll.)]

571 3823 647 3856 ια.
712 3812 897 3855 statum
914 3805 1184 3870 ficturum,
1215 3804 1331 3869 &c.]
1386 3805 1469 3855 Cf.
1512 3819 1548 3856 ῐ.
1594 3822 1646 3872 p.
1753 3809 1874 3859 dicit
1898 3826 2134 3876 magnum
2159 3808 2377 3860 Deum.’'

498 3888 683 3938 lxxxiv.
1825 3907 1898 3952 17.
1964 3893 2227 3956 proprium
2271 3892 2372 3941 sibi
2397 3891 2663 3956 populum]
2711 3891 2774 3940 In
2820 3891 2906 3940 the

571 3984 648 4032 13.
713 3968 883 4016 Deum
918 3973 965 4017 et
986 3983 1308 4027 communem,
1348 3967 1468 4032 &c.]
1522 3967 1571 4018 It
1606 3968 1651 4018 is
1755 3979 1857 4022 text
1881 3973 1967 4021 the
1985 3972 2250 4021 translator
2267 3973 2357 4021 has
2379 3972 2624 4022 admitted
2647 3971 2734 4021 the
2751 3971 2903 4035 Vulg.

500 4050 742 4114 probable
774 4049 985 4113 (though
1017 4049 1101 4098 the
1141 4049 1435 4098 translation
1470 4049 1513 4099 is
1546 4066 1648 4099 am·
1753 4049 2081 4115 renderingos
2092 4047 2361 4113 περιούσιον
2387 4047 2906 4114 (“acceptabilem”);

498 4131 751 4196 biguous),
793 4131 903 4180 that
936 4130 1036 4179 Th.
1072 4130 1332 4181 identified
1372 4134 1483 4180 θεοῦ
1526 4132 1648 4182 with
1748 4131 1838 4181 but
1861 4130 2006 4180 Th.’s
2029 4147 2143 4180 own
2167 4130 2548 4195 interpretation
2579 4131 2740 4179 shews
2771 4129 2911 4180 itself

498 4211 721 4276 οων-ἦρος.
787 4213 857 4263 So
876 4213 999 4262 both
1022 4213 1391 4277 Chrys—who
1414 4215 1531 4265 asks
1554 4217 1649 4263 τοῦ
1747 4209 1799 4260 in
1839 4212 1926 4260 the
1969 4227 2152 4260 comm.
2222 4211 2300 4260 Cf.
2337 4209 2515 4259 Thdt.=
2549 4212 2668 4259 λαὸν
2709 4211 2897 4260 οἰκεῖον.

496 4293 618 4339 εἰσιν
664 4292 707 4339 οἱ
750 4287 836 4340 τοῦ
881 4289 1061 4352 πατρὸς
1116 4291 1359 4340 ἐλάττονα
1413 4289 1497 4340 τὸν
1544 4288 1644 4340 υἱὸν
1747 4291 1968 4357 Thpht.:
2035 4289 2304 4355 τεριούσιος
2360 4293 2427 4350 δέ,
2477 4291 2504 4340 ὁ
2555 4291 2739 4341 οἰκεῖος.
2805 4289 2902 4340 See

495 4375 721 4434 λέγοντες
737 4373 921 4433 3—and
937 4372 1093 4422 Thdt.
1110 4374 1573 4438 expresslyzndyw
1592 4375 1645 4423 δὲ
1747 4373 1842 4437 Bp.
1889 4372 2167 4436 Lightsoot,
2213 4372 2451 4422 Revision
2488 4371 2552 4436 os
2576 4373 2658 4421 tlte
2693 4373 2770 4422 N.
2813 4373 2865 4422 Τ
2865 4407 2896 4432 .,

494 4451 603 4502 θεὸν
626 4451 870 4512 ὠνόμασεν
894 4450 976 4501 τὸν
1000 4451 1226 4515 Χριστόν.
1274 4455 1476 4517 Jerome
1498 4454 1642 4503 takes
1745 4469 1796 4517 p.
1823 4467 1916 4516 234
1939 4468 2046 4518 sq.3
2081 4453 2270 4510 Suicer,
2295 4469 2334 4501 s.
2350 4469 2398 4503 v.
2429 4449 2710 4514 τεριοῦσιος.
