3250 5025
326 387 580 471 111.2.]
1039 401 1122 450 IN
1173 401 1277 451 ΕΡ.
1325 399 1428 450 An
1473 399 1944 452 'rmo‘rHEuM
1991 399 2037 452 1.
2623 397 2737 463 105

324 575 598 659 plenum
660 577 896 640 beatus
944 575 1204 654 PauluS‚
1253 597 1406 641 eum
1452 576 1565 660 qui
1625 575 1735 640 uel
1803 576 2104 641 maxime
2150 575 2219 639 in
2283 573 2742 657 episcopatum

323 682 709 764 producitur
737 681 824 745 de
855 680 974 744 tali
1006 682 1150 744 uita
1177 682 1490 764 cognosci
1522 680 1767 745 debere
1799 679 2042 744 intulit.
2105 698 2261 742 nam
2294 686 2362 741 et
2392 675 2742 741 ridiculum

323 795 426 848 est
474 784 750 847 beatum
803 784 1084 848 Paulum
1132 783 1350 866 legem
1413 792 1706 848 statuere
1755 804 1891 847 non
1944 782 2290 846 arbitrium
2345 779 2456 844 uel
2504 799 2746 862 propo·

325 888 527 950 situm
575 886 988 969 probantem,
1035 887 1153 950 sed
1203 909 1292 950 ex
1339 897 1584 951 euentu
1632 895 1701 950 et
1746 907 1835 950 ex
1884 887 2228 950 accidente
2273 885 2744 950 discretionem

326 1001 634 1056 statuere.
697 991 751 1054 si
785 998 1010 1055 autem
1043 992 1190 1074 quis
1222 991 1402 1055 dicat
1434 991 1752 1073 quoniam
1787 989 1871 1053 de
1903 998 2148 1053 euentu
2182 998 2250 1052 et
2280 987 2366 1052 de
2395 986 2745 1051 accidente
2820 997 2851 1065 5

328 1095 648 1176 exiguum
680 1093 840 1176 quid
873 1114 1110 1156 curans
1142 1093 1504 1177 apostoluS,
1535 1113 1689 1157 eum
1722 1078 1969 1175 magna
1998 1090 2345 1173 diligentia
2376 1097 2444 1152 et
2474 1108 2744 1170 scrupu-

326 1196 594 1260 lositate
646 1196 732 1260 de
785 1197 1114 1280 episcopis
1165 1196 1380 1261 uoluit
1427 1205 1724 1260 statuere
1784 1195 1965 1279 quod
2015 1194 2265 1259 debent
2316 1194 2429 1258 uni
2479 1200 2745 1256 tantum

327 1298 504 1361 coire
548 1299 780 1376 uxori3
842 1299 1120 1363 audiant
1166 1299 1484 1382 quoniam
1531 1300 1897 1363 secundum
1941 1297 2115 1361 hanc
2156 1297 2481 1361 rationem
2529 1315 2745 1378 neque

328 1409 482 1481 post
514 1400 849 1483 baptisma
879 1401 1066 1465 illum
1099 1399 1215 1485 qui
1244 1401 1396 1465 talis
1444 1411 1546 1466 est
1591 1401 1869 1485 produci
1915 1401 2091 1464 iusta
2134 1400 2393 1464 ratione
2437 1398 2743 1481 patietur.

331 1520 452 1564 nec
485 1503 663 1566 enim
710 1502 1052 1586 baptisma
1097 1504 1257 1569 facit
1295 1503 1484 1568 illurn
1517 1525 1653 1567 non
1696 1504 1959 1569 duabus
2000 1503 2212 1567 coisse
2252 1501 2595 1579 uxoribuS,
2627 1508 2745 1564 aut
2782 1521 2860 1569 10

328 1604 507 1685 apud
539 1624 773 1668 omnes
818 1605 976 1670 facit
1017 1607 1387 1671 existimari
1435 1607 1624 1690 quasi
1662 1607 1776 1690 qui
1822 1627 2024 1670 unam
2069 1604 2376 1668 habuerit
2416 1620 2697 1667 uxorem
2729 1620 2746 1678 ;

329 1705 544 1768 multo
583 1727 743 1770 uero
783 1707 1068 1790 amplius
1113 1728 1267 1772 eum
1313 1710 1427 1794 qui
1473 1729 1677 1772 unam
1711 1709 2079 1791 legitimam
2120 1706 2325 1771 habet
2356 1726 2638 1769 uxorem
2678 1713 2746 1769 et

331 1806 556 1873 multis
605 1809 753 1872 aliis
811 1809 1153 1875 luxuriose
1212 1812 1504 1876 uiuendo
1557 1815 1936 1897 permixtus
1997 1822 2103 1876 est
2150 1821 2218 1876 et
2280 1811 2746 1877 manifestatus

329 1925 432 1978 est
477 1912 630 1978 talis
675 1916 855 1979 uitae
901 1914 1120 1993 fuisse,
1150 1916 1237 1980 ad
1280 1918 1743 2000 episcopatum
1789 1938 1923 1981 non
1968 1916 2212 1980 debere
2258 1915 2556 1998 produci,
2590 1914 2747 1980 licet

329 2021 453 2085 etsi
514 2021 880 2085 secundum
941 2041 1169 2085 eorum
1229 2022 1510 2085 uerbum
1571 2022 1909 2104 baptisma
1970 2020 2167 2086 fuerit
2227 2019 2600 2086 adsecutus,
2688 2021 2745 2085 si
2780 2033 2853 2103 15

329 2261 441 2329 τὸν
471 2261 560 2333 εἷς
591 2261 968 2346 ἐπισκοπὴν
996 2263 1455 2349 παραγόμενον
1471 2262 1778 2348 μάλιστα
1808 2262 1945 2329 α’πὸ
1976 2262 2286 2330 τοιούτων
2314 2261 2747 2350 γνωρίζεσθαι

330 2363 464 2430 δεῖν
491 2362 864 2448 ἡγούμενος·
911 2365 1055 2432 ἐπεὶ
1087 2364 1198 2431 καὶ
1229 2368 1488 2450 γέλοιον
1519 2369 1793 2448 νομίζειν
1817 2367 2093 2433 Παῦλον
2116 2366 2345 2450 νόμους
2376 2365 2626 2432 τιθέναι
2652 2365 2744 2450 μὴ

327 2467 592 2554 γνώμην
628 2467 1084 2551 δοκιμάζοντα,
1117 2467 1273 2536 ἀλλ’
1305 2468 1442 2537 ἀπὸ
1479 2472 1592 2551 τῆς
1632 2469 1992 2561 συντυχίας
2030 2469 2149 2551 τὴν
2188 2469 2517 2558 διάκρισιν
2558 2469 2746 2558 ἐργω

334 2570 613 2656 ζόμενον.
687 2571 746 2636 εἰ
770 2570 901 2660 γάρ
925 2599 1024 2644 τις
1055 2574 1259 2640 ἐκεῖνο
1289 2572 1489 2656 λέγοι,
1514 2572 1620 2640 ὅτι
1648 2572 1851 2661 μικρὰ
1876 2573 1986 2640 καὶ
2018 2576 2132 2655 τῆς
2163 2572 2521 2663 συντυχίας
2552 2579 2746 2660 φρου-

330 2676 540 2754 τίσας,
594 2674 896 2747 πλείονος
954 2678 1072 2758 τῆς
1131 2675 1473 2764 ἀκριβείας
1521 2675 1984 2761 ἐπιμελόμενος
2033 2678 2142 2746 ἐπὶ
2190 2683 2306 2746 τοῦ
2352 2679 2743 2761 ἐπισκόπου,
2774 2703 2861 2751 20

327 2777 628 2860 ἐνόμισεν
647 2777 844 2845 αὐτὸν
867 2778 1049 2850 ὅπως
1071 2780 1238 2847 ποτὲ
1255 2784 1379 2870 μιᾷ,
1400 2780 1534 2847 δεῖν
1557 2780 2080 2863 κεκοινωνηκότα
2101 2782 2398 2866 γυναικί·
2441 2781 2747 2864 ἀκουέτω,

331 2880 436 2948 ὅτι
465 2880 639 2947 κατὰ
680 2888 916 2949 τοῦτον
945 2881 1060 2949 τὸν
1097 2883 1304 2968 λόγον
1333 2882 1478 2950 οὐδὲ
1503 2884 1670 2969 μετὰ
1701 2885 2174 2967 βαπτίσματος
2203 2892 2502 2954 τοιοῦτον
2531 2888 2749 2977 παρά-

330 2986 571 3069 γεσθαι
617 2983 866 3051 δίκαιον
914 2986 1012 3067 ἦν.
1125 2986 1197 3053 ov’
1242 2984 1372 3073 γὰρ
1418 2985 1497 3068 δὴ
1541 2987 1619 3052 τὸ
1661 2986 2033 3072 βάπτισμα
2072 2986 2112 3070 ἢ
2161 2987 2279 3055 οὐκ
2336 2988 2502 3057 εἶναι
2546 2990 2748 3058 αὐτὸν

332 3087 524 3154 δυσὶν
577 3088 1097 3170 κεκοινωνηκότα
1155 3094 1338 3156 ποιεῖ
1378 3090 1699 3174 γυναιξίν,
1746 3089 1787 3173 ἢ
1838 3090 2027 3178 παρὰ
2074 3096 2291 3159 πᾶσιν
2343 3092 2428 3164 ὥς
2472 3096 2594 3183 μιᾷ
2642 3082 2755 3161 tce-⁸

330 3194 774 3275 .κοινωνηκότα
847 3192 1452 3278 ὑπολαμβάνεσθαι
1473 3214 1489 3229 ·
1577 3196 1821 3281 πολλῷ
1881 3193 1951 3259 δὲ
2008 3192 2220 3260 πλέον
2278 3194 2393 3262 τὸν
2447 3200 2571 3285 μιᾷ
2624 3197 2747 3280 μὲν
2774 3217 2851 3286 25

330 3297 782 3383 συγγεγονότα
841 3296 1017 3364 κατὰ
1074 3296 1196 3379 τὴν
1253 3297 1529 3381 νόμιμον
1580 3296 1966 3382 συνάφειαν,
2016 3303 2309 3369 πολλαῖς
2369 3298 2437 3365 δὲ
2496 3298 2745 3387 ἑτέραις

325 3402 721 3472 ἀκολάστως
751 3399 1253 3484 συμπλακέντα,
1299 3401 1410 3468 καὶ
1453 3398 1792 3488 πρόδηλον
1836 3400 1949 3467 ἐπὶ
1990 3404 2083 3488 τῷ
2122 3400 2395 3489 τοιούτῳ
2430 3405 2746 3488 γεγονότα

328 3504 460 3589 βίῳ
501 3504 590 3575 εἷς
626 3502 747 3584 τὴν
791 3502 1168 3584 ἐπισκοπὴν
1206 3502 1633 3590 παράγεσθαι
1671 3500 1801 3592 οὐχ
1836 3501 2039 3581 ὅσιον,
2070 3501 2245 3568 κατά
2280 3530 2358 3587 γε
2394 3504 2509 3571 τὸν
2546 3504 2747 3572 αὐτὸν

327 3606 552 3691 λόγον,
582 3604 690 3672 διὰ
732 3603 808 3672 τὸ
853 3607 970 3671 τοῦ
998 3605 1475 3689 βαπτίσματος
1505 3604 1957 3695 τετυχηκέναι.
2035 3606 2094 3673 εἰ
2130 3603 2259 3693 γὰρ
2300 3604 2378 3688 δὴ
2416 3605 2531 3673 τὸν
2568 3606 2747 3693 νομί-

434 3851 454 3885 1
493 3835 544 3884 b.
571 3834 628 3884 P.
657 3834 724 3883 ad
760 3833 833 3898 pl.
868 3834 935 3883 H
953 3832 960 3899 Ι
991 3849 1108 3883 eum
1140 3848 1219 3881 om
1256 3849 1289 3882 r
1527 3848 1555 3896 3
1588 3832 1889 3883 constituere
1924 3830 2041 3896 (χον
2072 3835 2212 3894 stat.)
2248 3848 2281 3881 r
2506 3850 2537 3893 4
2571 3850 2633 3884 ex
2666 3850 2747 3884 ac·

329 3915 513 3965 cidenti
542 3914 839 3964 discretione
865 3915 928 3963 H
945 3913 955 3975 Ι
985 3914 1254 3963 accedente
1281 3912 1359 3963 C*
1382 3912 1490 3977 (bis)
1690 3926 1717 3975 5
1752 3912 1998 3963 accidenti
2020 3914 2089 3962 H
2273 3911 2306 3963 6
2338 3912 2567 3977 exiguam
2597 3915 2759 3964 C‘H

333 4010 359 4061 7
394 3998 634 4047 deberent
656 4014 689 4047 r
714 3995 723 4062 Ι
751 3997 803 4046 in
829 3994 944 4061 (for
961 3998 1068 4060 uni)
1093 4012 1126 4045 r
1259 4011 1310 4045 11
1338 3995 1568 4045 homines
1591 3996 1705 4060 (sbr-
1723 3994 1917 4059 omnes)
1944 4012 1977 4044 r
2000 3993 2008 4053 Ι
2038 3995 2321 4044 existimare
2343 4012 2376 4045 r
2507 4011 2561 4045 ιο
2586 3995 2747 4047 multo

325 4096 374 4128 a.
412 4093 533 4128 uero
567 4094 599 4127 r
624 4077 633 4144 Ι
662 4086 712 4128 et
746 4093 825 4127 om
854 4076 937 4127 C*
955 4078 1023 4127 H
1215 4089 1270 4139 15
1307 4076 1400 4126 etsi
1415 4092 1494 4126 om
1516 4092 1548 4125 r
1573 4077 1584 4141 Ι
1612 4077 1876 4127 uerborum
1906 4076 2031 4126 CH
2042 4091 2075 4125 r
2285 4092 2345 4125 ἠ
2382 4077 2747 4140 παραγενέσθαι

327 4160 441 4211 cod.
469 4159 584 4210 edd.

395 4364 443 4408 4.
513 4360 574 4394 ex
603 4360 680 4393 eu.
715 4350 764 4395 et
791 4360 852 4394 cx
882 4343 1003 4406 aea]
1038 4342 1120 4394 Cf.
1157 4342 1193 4393 1.
1233 4354 1280 4407 5,
1319 4343 1486 4395 where
1655 4353 1701 4407 7.
1770 4342 1871 4391 uni
1916 4350 1952 4391 t.
2005 4341 2127 4393 coire
2178 4342 2529 4405 uxon]=cmn
2578 4360 2741 4399 una...

327 4430 414 4488 τῆς
437 4428 697 4489 συντυχίας
719 4426 761 4476 is
783 4426 933 4491 again
954 4425 1144 4490 doubly
1166 4424 1488 4490 represented
1587 4440 1837 4474 uxore—a
1860 4424 2115 4475 reflection
2136 4423 2195 4473 of
2210 4424 2297 4475 the
2319 4424 2419 4475 Gk.
2448 4424 2559 4489 (μιᾷ
2576 4432 2745 4478 συνελ-

326 4510 380 4559 in
405 4510 490 4559 the
513 4506 746 4569 versi0n5
780 4508 880 4557 and
903 4522 987 4558 see
1008 4519 1043 4558 1.
1070 4523 1119 4572 p.
1151 4506 1313 4557 xxxvi.
1590 4507 1689 4556 θεῖν
1708 4504 1947 4569 γυναικὶ);
1978 4506 2041 4555 cf.
2066 4506 2226 4569 infra,
2250 4505 2285 4554 l.
2311 4520 2359 4569 p.
2394 4520 2470 4555 10.
