3250 5025
315 349 396 416 V.
431 356 736 443 20—22.]
1035 371 1118 420 m
1169 371 1274 422 ΕΡ.
1319 371 1422 420 AD
1469 370 1938 422 ‘simoi-unum
1986 372 2031 422 1.
2624 369 2735 435 171

431 551 759 623 peccantes
783 551 1002 606 autem
1031 562 1245 605 coram
1275 542 1573 607 omnibus
1600 552 1991 625 arguantur,
2022 553 2097 607 ut
2135 553 2195 607 et
2222 543 2411 608 ceteri
2452 545 2745 610 timorem

316 643 610 710 habeant.

451 772 775 832 ‘examen
823 769 1075 851 negotii
1119 769 1204 832 de
1241 769 1371 832 illis
1416 789 1570 832 cum
1618 769 1803 832 omni
1851 769 2362 852 scrupulositate
2394 769 2553 834 uolo
2582 768 2743 847 fieri,

315 881 386 936 et
418 891 551 936 non
583 871 892 938 absolute
934 875 1254 937 aduersus
1299 895 1414 937 eos
1456 875 1710 938 crimen
1751 874 2147 956 adpin‘ctum
2181 875 2403 957 recipi.
2496 877 2551 938 si
2586 895 2744 937 uero

319 975 523 1059 aliqui
553 999 710 1041 uera
743 981 998 1043 ratione
1043 979 1403 1062 deliquisse
1446 978 1691 1042 suerint
1729 979 1995 1055 detecti,
2027 989 2257 1061 aperte
2305 981 2743 1061 increpentur,
2822 982 2853 1048 5

319 1091 394 1144 ut
431 1091 499 1144 et
543 1083 742 1146 ceteri
789 1103 1020 1147 eorum
1067 1084 1383 1166 exemplo
1431 1085 1657 1165 pudici
1713 1083 2119 1148 efficiantur!
2213 1085 2469 1168 optime
2517 1091 2743 1145 autem

289 1180 388 1248 'et
442 1185 530 1248 ad
579 1186 862 1250 aliorum
905 1186 1385 1252 correctionem
1429 1188 1689 1264 edixit3
1736 1206 1857 1250 nec
1890 1188 2067 1250 enim
2112 1196 2253 1250 erat
2300 1184 2746 1249 necessarium

321 1299 396 1354 ut
426 1289 554 1352 hoc
588 1291 682 1353 ita
712 1289 920 1363 fieret,
954 1289 1078 1352 nisi
1112 1291 1202 1353 ob
1235 1289 1518 1352 aliorum
1546 1290 1612 1352 id
1642 1287 1830 1353 fieret
1860 1291 2424 1354 emendationem.
2499 1288 2747 1352 deinde

320 1393 634 1457 omnibus
666 1392 794 1456 illis
828 1392 1054 1456 dicens
1087 1392 1468 1457 terribiliter
1499 1391 1746 1454 adiecit
1776 1413 1791 1456 ε

451 1556 756 1640 testificor
799 1556 868 1620 in
909 1566 1226 1639 conspectu
1273 1556 1408 1619 Dei
1437 1566 1502 1620 et
1537 1555 1793 1619 domini
1828 1557 1975 1620 Iesu
2021 1554 2276 1622 Christi
2313 1566 2378 1619 et
2412 1556 2745 1619 electorum
2780 1571 2861 1618 10

319 1661 714 1744 angelorum,
766 1671 842 1724 ut
887 1661 1040 1726 lcaec
1087 1661 1410 1725 custodias
1451 1662 1592 1724 sine
1647 1661 1779 1724 ullo
1811 1661 2227 1743 praeiudicio,
2276 1660 2455 1724 nihil
2483 1659 2747 1742 faciens

320 1764 664 1828 secundum
695 1766 1196 1830 declinationem.

453 1893 742 1957 scilicet:
777 1899 792 1924 ‘
817 1903 890 1958 ut
931 1914 1064 1957 non
1100 1893 1292 1957 facile
1322 1892 1895 1976 contemplatione
1927 1893 2063 1956 odii
2095 1891 2416 1956 aduersus
2448 1891 2743 1974 aliquem

325 1998 730 2078 pronuntieS,
764 2001 1149 2082 priusquam
1197 2019 1353 2062 uera
1396 2000 1655 2063 ratione
1696 1999 2217 2078 conuincantur;
2260 2019 2479 2081 neque
2518 2019 2557 2061 e
2588 2017 2745 2060 con-

321 2103 523 2165 trario
554 2101 1123 2185 contemplatione
1153 2102 1597 2166 amicitiarum
1630 2100 2006 2183 aliquorum
2051 2100 2314 2164 occulta
2345 2110 2621 2183 peccata
2642 2100 2745 2149 ’-
2782 2115 2852 2182 15

321 2205 450 2267 hoc
479 2214 704 2269 autem
739 2205 899 2269 dicit
929 2205 1106 2269 nihil
1125 2205 1388 2288 faciens
1411 2216 1537 2288 per
1571 2204 2072 2268 declinationem.
2166 2223 2323 2267 nam
2356 2203 2742 2268 huiusmodi

323 2309 727 2372 contestatio
759 2309 826 2371 in
857 2308 1102 2372 talibus
1153 2309 1438 2391 negotiis
1471 2307 1841 2370 admodum
1886 2315 1988 2370 est
2020 2308 2407 2372 necessaria.
2442 2323 2445 2328 ·
2500 2308 2745 2373 deinde

324 2410 698 2476 aduertitur
727 2413 811 2476 ad
846 2435 1018 2492 eum,
1049 2415 1219 2477 dans
1254 2415 1312 2476 ei
1345 2413 1698 2476 consilium
1730 2435 1743 2477 :

455 2589 694 2631 manus
720 2567 840 2632 cito
871 2568 1120 2632 nemini
1148 2568 1515 2652 inposueris.

460 2697 774 2761 ‘omnino
823 2717 958 2762 non
1011 2696 1208 2761 facile
1262 2699 1350 2761 ad
1401 2696 1894 2761 ordinationem
1950 2717 2361 2780 quemquam
2414 2699 2747 2780 producas
2778 2726 2863 2774 20

429 2876 447 2912 ι
487 2863 650 2929 inquit
673 2862 786 2926 (sor
804 2863 992 2923 autem)
1024 2862 1098 2912 C:
1132 2879 1208 2912 om
1243 2880 1274 2911 r
1299 2862 1306 2927 Ι
1338 2878 1539 2927 arguer
1734 2882 1766 2926 4
1800 2864 1866 2913 ad
1889 2869 2131 2928 punctum
2160 2864 2205 2913 C
2227 2861 2371 2927 (corr)
2397 2881 2429 2912 r
2449 2864 2530 2927 [οἵ
2550 2872 2609 2929 p.
2639 2880 2747 2929 145,

323 2946 362 2995 Ι.
392 2960 466 3007 15,
493 2962 577 2995 vv.
599 2946 654 2995 ll.
680 2946 792 2995 and
807 2944 938 3006 note]
1155 2944 1186 2996 6
1221 2946 1495 2997 efficientur
1521 2946 1565 2995 C
1575 2944 1602 2969 ⁴*
1630 2946 1694 2995 H
1712 2944 1721 3011 Ι
1752 2946 1971 3011 optimae
1992 2946 2061 2995 H
2283 2959 2309 3009 7
2345 2946 2409 2995 ad
2431 2963 2509 2996 om
2532 2964 2565 2997 r
2591 2944 2600 3013 Ι
2626 2948 2753 2999 haec

322 3028 450 3078 dixit
475 3028 590 3092 (for
609 3026 786 3087 edixit)
816 3028 858 3075 C
881 3024 1023 3091 (corr)
1091 3043 1199 3077 esse
1221 3027 1348 3078 dixit
1371 3044 1404 3077 r
1564 3030 1594 3077 8
1629 3027 2114 3077 ab...emendati0ne
2142 3028 2187 3075 C
2196 3024 2223 3050 ⁴⁵
2247 3028 2315 3077 H
2383 3029 2751 3081 ob...emenda·

323 3108 460 3158 tione
505 3108 550 3157 C
583 3108 730 3169 (corr)
770 3106 836 3170 νΙ
866 3107 916 3156 id
950 3123 1029 3157 om
1065 3123 1098 3156 r
1335 3123 1368 3173 9
1401 3108 1551 3157 adicit
1585 3108 1629 3155 C
1649 3123 1682 3156 r
1926 3124 1978 3159 11
2017 3108 2123 3157 ullo
2154 3126 2232 3159 om
2268 3108 2332 3173 νΙ
2364 3110 2654 3177 praeiudicii
2694 3113 2761 3162 H

242 3207 246 3211 ·
328 3207 387 3254 14
421 3191 748 3239 conuincatur
785 3186 848 3251 r!
879 3206 908 3239 e
946 3198 1102 3239 contr.
1129 3205 1162 3238 r
1393 3204 1446 3253 ¹5
1483 3190 1757 3238 amicorum
1780 3206 1812 3237 r
1837 3188 1846 3254 Ι
1875 3190 2071 3239 occulte
2100 3191 2142 3239 C
2150 3189 2179 3215 ⁴*
2237 3192 2457 3242 occultes
2485 3194 2530 3241 C
2548 3194 2700 3255 (corr)
2725 3210 2758 3242 r

329 3276 388 3323 18
422 3275 631 3324 uestitur
654 3291 685 3322 r
708 3273 716 3337 Ι
747 3274 917 3323 dando
939 3291 970 3323 r
994 3273 1002 3338 Ι
1033 3273 1078 3323 ei
1099 3289 1178 3323 om
1203 3274 1269 3323 H
1286 3270 1294 3337 Ι
1324 3280 1374 3322 et
1396 3272 1467 3322 ait
1491 3272 1588 3335 (qft
1607 3272 1769 3331 cons.)
1794 3272 1895 3321 add
1919 3288 1952 3320 r
2283 3289 2349 3323 20
2380 3278 2605 3325 omnium
2642 3273 2756 3341 (fir

325 3355 552 3422 omnino)
595 3358 640 3407 C
657 3358 724 3407 H

397 3495 439 3532 1.
499 3488 747 3547 peccantes
799 3478 990 3541 autem]
1079 3478 1152 3529 So
1209 3477 1484 3535 Ambrstr„
1583 3474 1697 3524 The
1751 3473 1979 3526 addition
2025 3475 2085 3525 os
2133 3477 2251 3537 ullo,
2303 3480 2403 3528 and
2450 3480 2536 3529 the
2587 3479 2751 3531 literal

332 3566 550 3613 Clarom.
630 3560 808 3625 Chrys.
858 3559 961 3609 and
1010 3559 1168 3609 Thdt.
1221 3558 1347 3608 omit
1397 3558 1483 3608 the
1584 3556 1855 3621 rendering
1890 3573 1976 3607 sec.
2016 3557 2385 3609 declinationem
2422 3558 2570 3623 (κατὰ
2600 3562 2747 3620 πρόσ-

325 3642 666 3707 conjunction,
692 3640 794 3689 and
817 3655 874 3689 so
895 3640 1018 3689 does
1051 3640 1136 3689 the
1159 3639 1309 3703 Vulg.
1383 3640 1482 3687 Ar·
1584 3639 1745 3685 κλισιν
1768 3658 1814 3679 =
1827 3644 1925 3701 per
1946 3638 2087 3695 decl„
2125 3639 2286 3704 infra,
2309 3640 2344 3689 1.
2376 3644 2469 3704 15),
2494 3658 2577 3693 are
2600 3658 2749 3707 pecu·

316 3729 554 3787 guantur
586 3721 664 3770 for
709 3722 909 3783 “argue
925 3718 956 3741 '²
989 3719 1032 3769 is
1065 3720 1281 3785 perhaps
1313 3735 1378 3769 an
1405 3720 1482 3769 in·
1584 3718 1679 3767 liar
1713 3725 1766 3768 to
1800 3734 1893 3769 our
1924 3721 2221 3784 translator;
2264 3723 2437 3774 Sedul.
2482 3725 2619 3776 Scot.
2658 3725 2750 3775 has

324 3805 472 3853 curia
493 3818 561 3852 on
583 3803 670 3851 the
693 3800 878 3866 partos
895 3800 980 3850 the
1004 3801 1284 3851 translator.
1594 3801 1625 3826 ‘⁶
1646 3799 1699 3848 in
1722 3800 2111 3853 declinatione.”

391 3898 442 3948 9.
498 3882 786 3932 terribiliter
805 3880 998 3941 adiecit]
1034 3880 1242 3943 Chrys-„2
1280 3876 1488 3941 φρικτῶς
1660 3892 1733 3943 15.
1805 3888 1929 3931 cont.
1971 3883 2335 3947 amicitiarum]
2375 3884 2528 3935 “For
2566 3886 2749 3938 friend-

327 3966 668 4027 παραγγέλλει
713 3964 900 4012 λοιπόν.
993 3963 1175 4013 Thdt.:
1245 3964 1354 4012 εἶτα
1407 3964 1488 4013 καί
1587 3964 1747 4030 ship's
1767 3962 1943 4015 sake.”
2012 3966 2089 4016 Cf.
2128 3967 2341 4031 Chrys-2
2377 3968 2455 4021 lna
2488 3984 2547 4017 σε
2584 3972 2749 4029 μηδείς

327 4048 475 4096 αὐτὸν
497 4046 764 4094 δεδίττεται
785 4042 848 4105 τῇ
872 4043 1064 4107 φοβερᾷ
1082 4046 1335 4105 μαρτυρίᾳ.
1595 4046 2071 4109 ...τροοικειώσηται.
2145 4049 2445 4099 Contestatio
2478 4052 2522 4102 is
2551 4067 2583 4101 a
2608 4054 2749 4104 word

399 4140 474 4177 ιο.
539 4126 598 4174 in
618 4124 886 4189 conspectu]
922 4124 993 4175 So
1026 4122 1262 4189 Ziegler’s
1279 4123 1454 4189 fragm.
1469 4140 1486 4184 ς
1587 4126 1854 4177 horrowed
1872 4128 2001 4177 from
2024 4128 2110 4179 the
2126 4130 2329 4194 jurists;
2366 4148 2449 4182 see
2470 4134 2600 4183 lexx.

326 4210 479 4274 Vulg.
505 4205 781 4258 “coram.”
847 4207 1066 4257 Domini
1083 4206 1176 4257 has
1193 4222 1260 4256 no
1277 4213 1488 4271 support
1656 4227 1735 4262 20.
1802 4211 2011 4261 munim
2042 4228 2143 4261 non
2171 4212 2345 4276 sacae,
2383 4215 2497 4276 &0·]
2563 4216 2747 4268 Thdb:

324 4297 378 4343 in
411 4292 498 4341 the
531 4288 684 4339 Latin
717 4288 956 4346 versions,
1001 4286 1101 4337 and
1130 4287 1378 4353 probably
1413 4303 1484 4336 re·
1585 4294 1827 4358 ἐξετάζω,
1862 4294 1963 4357 γὰρ
1995 4288 2228 4357 πρότερον
2256 4297 2356 4360 χρὴ
2399 4294 2485 4348 τοῦ
2536 4316 2750 4364 χειροτο,

321 4381 548 4440 presents
569 4370 655 4423 the
677 4368 887 4435 reading
909 4368 967 4419 of
990 4366 1133 4421 'rh-’s
1155 4376 1292 4430 ταῖς
1325 4369 1484 4432 κυρίου
1586 4376 1813 4435 nuptm„
1833 4376 1918 4425 τὸν
1942 4375 2068 4439 βίω,

321 4458 364 4507 is
387 4456 536 4521 given
560 4454 624 4521 by
650 4453 848 4519 Chrys„
886 4451 1078 4517 though
1113 4460 1202 4503 not
1235 4452 1304 4518 by
1327 4452 1482 4502 Thdt.
