3250 5025
346 371 475 441 ΙΙΙ.
517 390 569 451 1,
600 373 688 481 ²1]

1064 389 1146 439 IN
1194 390 1303 443 ΕΡ.
1346 390 1449 439 AD
1497 390 1962 443 TIMOTHEUM
2011 392 2085 442 11.

2637 396 2762 461 213

343 558 647 624 uolentes
672 560 1042 644 suscipere!
1087 560 1331 625 deinde
1356 570 1423 626 et
1448 560 1817 625 futurorum
1843 560 1912 623 in
1936 559 2316 623 nouissimis
2347 560 2763 641 temporibus

344 664 666 728 memoria
712 664 1097 729 consolatur
1139 663 1414 729 beatum
1454 662 1888 728 Timotheum
1933 671 2008 727 ut
2053 682 2186 727 non
2224 662 2452 728 animo
2493 660 2762 729 deficiat

342 787 464 850 pro
495 769 910 851 prauissimis
941 768 1355 853 temporibus
1390 768 1509 853 [et]
1542 767 1962 833 hominibus:

471 912 585 978 lcoc
624 914 891 999 (inquit)
934 937 1218 999 cognosce
1254 915 1562 999 quoniam
1600 914 1672 979 in
1724 913 2102 979 nouissimis
2147 914 2372 979 diebus
2425 912 2766 979 instabunt

343 1030 622 1104 tempora
636 1021 1015 1104 periculosa.

473 1146 819 1210 consueuit
849 1166 1139 1229 namque
1184 1144 1586 1211 deteriorum
1632 1144 1955 1208 memoria
2000 1141 2347 1207 consolare
2389 1164 2506 1207 eos
2545 1141 2659 1226 qui
2693 1142 2761 1205 in

344 1248 639 1313 moribus
684 1248 879 1314 malis
918 1258 1092 1313 sunt.
1183 1257 1253 1313 et
1300 1268 1476 1331 quae
1524 1248 1662 1312 sint
1709 1254 2018 1330 tempora
2064 1246 2436 1330 periculosa
2484 1268 2762 1332 egerens

342 1352 586 1417 adiecit
606 1373 621 1418 t

470 1503 661 1558 erunt
691 1493 955 1578 (inquit)
987 1492 1274 1558 homines
1300 1490 1586 1575 †sezjbsos
1612 1502 1926 1557 amantes.

471 1624 699 1687 omnia
729 1624 814 1686 ad
846 1643 1035 1687 suam
1070 1621 1389 1685 facientes
1419 1619 1782 1684 utilitatem
1812 1617 1921 1683 uel
1951 1616 2596 1701 prodificationem.*

470 1764 691 1851 cupidi
700 1766 1145 1851 pecuniarum.

471 1893 630 1977 quia
661 1904 729 1957 et
757 1892 1054 1958 studium
1087 1911 1285 1956 omne
1316 1889 1714 1974 expendunt
1745 1888 1814 1959 in
1843 1888 2236 1973 colligendis
2267 1891 2582 1981 pecuniiS.

472 2028 693 2107 †elati.

471 2156 585 2239 qui
617 2156 867 2222 iactant
896 2178 968 2221 se
1000 2155 1114 2221 illa
1142 2154 1389 2223 habere
1420 2174 1593 2244 quae
1626 2174 1760 2217 non
1790 2151 2058 2223 habent.

468 2298 738 2383 superbi.

472 2424 585 2506 qui
618 2442 864 2506 magna
892 2422 1161 2505 sapiunt
1191 2442 1313 2505 pro
1343 2420 1470 2485 illis
1502 2442 1676 2505 quae
1705 2416 1951 2485 habere
1984 2422 2311 2488 uidentur.

472 2569 761 2648 Φίλογτοί
801 2571 971 2638 εἰσιν
1006 2571 1074 2638 οἱ
1113 2571 1337 2638 πάντα
1372 2570 1538 2659 πρὸς
1575 2570 1696 2653 τὴν
1740 2571 1988 2638 ἑαυτῶν
2031 2568 2356 2658 ὠφέλειαν
2399 2575 2765 2645 ποιοῦντες·

338 2677 655 2755 hendisse,
700 2675 1115 2766 καυχώμενοι
1170 2675 1356 2764 ἔχειν
1413 2673 1459 2740 ἃ
1514 2673 1607 2759 μὴ
1667 2673 1967 2764 ἔχουσιν
2040 2678 2448 2763 Ῡπερήφοκοι,
2499 2675 2762 2762 μεγάλα

440 2844 468 2892 3
504 2829 715 2894 tempori
744 2830 787 2880 C
806 2827 956 2893 (corr)
984 2829 993 2894 1
1023 2839 1073 2880 et
1094 2846 1173 2881 om
1202 2829 1318 2880 CH
1327 2845 1358 2878 r
1382 2825 1391 2893 Ι
1420 2828 1547 2878 sicut
1568 2828 1793 2900 sequitur
1814 2829 1866 2878 in
1889 2827 2112 2878 subiecto
2135 2827 2300 2893 capite
2322 2828 2420 2892 (ast
2431 2825 2592 2891 hom.)
2611 2830 2718 2878 add
2732 2847 2765 2880 r

339 2913 372 2963 6
405 2913 696 2961 immoribus
732 2910 846 2976 (sor
871 2912 925 2962 in
958 2911 1107 2972 mor.)
1141 2911 1210 2961 H

340 2995 608 3045 ostendens
631 3010 662 3043 r
806 2995 836 3043 8
870 2994 1025 3044 adicit
1053 2994 1097 3044 C
1114 3009 1145 3043 r

339 3075 437 3127 H*

405 3216 453 3259 4.
523 3196 611 3245 hoc
642 3210 859 3260 cognosce
890 3195 1151 3261 quoniam]
1208 3194 1359 3245 Latin
1390 3209 1498 3244 ver·

338 3276 489 3337 sionS‚
518 3281 551 3305 ‘⁸
567 3276 664 3326 hoc
686 3285 853 3326 autem
876 3278 1002 3327 scito
1025 3273 1213 3342 quod.”

405 3357 454 3409 6.
519 3359 576 3408 in
600 3358 818 3408 moribus
836 3358 1007 3420 malis]
1045 3358 1141 3408 See
1164 3373 1242 3408 vv.
1266 3357 1318 3412 ll.
1376 3357 1493 3405 For.

338 3438 439 3504 leg.
461 3439 519 3489 in
542 3439 836 3504 temporibus
854 3439 1015 3490 malie.
1064 3438 1146 3488 Cf.
1164 3437 1499 3509 Chrys.adl.:

340 3521 573 3583 χαλεποί,
622 3521 891 3578 τουτέστιν,
938 3519 1063 3570 πάνυ
1110 3519 1324 3584 πονηροί.
1413 3518 1501 3568 He

342 3604 498 3654 adds:
544 3603 653 3665 οὐχὶ
698 3603 783 3654 τὰς
826 3604 1003 3668 ἡμέρας
1046 3603 1327 3666 διαβάλλων
1365 3602 1503 3662 λέγει

342 3687 451 3734 οὐδὲ
496 3687 605 3736 τοὺς
648 3687 853 3748 καιρούς,
903 3686 1035 3735 ἀλλὰ
1072 3687 1183 3735 τοὺς
1227 3684 1504 3746 ἀνθρώπους

341 3769 451 3817 τούς
470 3767 583 3817 τότε
604 3767 745 3818 ὄντας
768 3765 852 3833 (cf.
878 3780 917 3818 1.
939 3783 990 3833 p.
1020 3782 1067 3830 5,
1096 3766 1129 3817 l.
1164 3781 1216 3816 11
1244 3765 1365 3832 sq.).

413 3864 491 3900 ιο.
546 3851 628 3900 uel
634 3850 1079 3915 prodificationem]
1143 3849 1206 3899 In
1228 3849 1314 3899 the
1339 3849 1502 3898 Intro-

342 3925 550 3976 duction
574 3925 630 3991 (1.
658 3942 711 3990 p.
736 3924 904 3992 xxxvi)
933 3927 956 3975 1
980 3926 1108 3976 have
1130 3925 1381 3990 proposed
1402 3933 1503 3990 pro

340 4009 648 4058 delectatione
660 4026 681 4066 ,·
713 4008 805 4058 but
836 4008 921 4057 the
954 4007 1230 4057 correction
1262 4023 1379 4058 now
1410 4006 1499 4056 ad-

342 4087 521 4138 mitted
542 4087 585 4138 is
608 4089 731 4138 both
758 4087 963 4152 simplet
996 4088 1095 4136 and
1128 4103 1267 4138 more
1301 4087 1353 4137 in
1385 4087 1500 4138 har-

340 4187 497 4236 mony
518 4172 640 4222 with
662 4171 747 4222 the
781 4171 883 4222 Gk.
954 4172 1056 4221 For
1076 4171 1388 4238 prodificataeb
1417 4187 1501 4222 see

345 4267 385 4303 1.
408 4270 459 4319 p.
490 4257 601 4316 287,
630 4255 665 4303 1.
695 4269 769 4316 15,
799 4260 934 4304 note.

413 4349 433 4382 1
447 4349 485 4386 1.
547 4332 715 4399 cupidi
755 4331 1111 4398 pecuniarum]
1191 4333 1497 4396 φιλάργυροι.

342 4411 515 4479 Vulg.,
558 4413 773 4479 “cupidi
794 4411 848 4476 ;”
882 4413 947 4464 cf.
991 4426 1052 4463 11.
1090 4428 1141 4479 p.
1190 4417 1295 4474 180,
1337 4414 1372 4464 l.
1418 4418 1493 4477 18,

341 4505 475 4548 note.

1427 2921 1454 2972 7
1487 2907 1607 2958 mali
1647 2910 1691 2962 C
1715 2907 1724 2974 Ι
1753 2926 1961 2975 egerans
2000 2908 2085 2960 C*
2103 2910 2173 2959 H
2194 2925 2498 2974 exaggerans
2536 2910 2581 2960 C
2612 2911 2760 2972 (corr)

1300 3009 1361 3043 10
1394 3007 1486 3057 pro
1508 2991 1789 3042 defectione
1813 2991 1926 3056 (sor
1945 2991 2150 3057 prodis.)
2179 2993 2301 3042 CH
2307 3008 2339 3041 r

618 3088 677 3140 17
710 3091 785 3141 sq.
812 3075 969 3126 Coisl.
995 3092 1105 3139 204,
1134 3075 1169 3124 f.
1196 3077 1291 3126 218
1313 3090 1344 3124 a
1367 3073 1477 3136 [Cr.
1500 3073 1589 3122 vii.
1615 3086 1693 3136 71,
1723 3074 1808 3122 Fr.
1838 3071 1951 3136 156]
1983 3070 2232 3137 θεόδωρος.
2301 3075 2544 3136 φίλαυτοι,
2575 3078 2725 3125 κ.τ.λ.

2482 3004 2541 3054 14
2573 2991 2660 3058 qui
2681 3010 2760 3043 om

1673 3208 1748 3257 13.
1802 3193 1943 3255 elati]
1999 3193 2080 3243 Cf.
2126 3205 2186 3244 11.
2226 3210 2278 3259 p.
2316 3210 2423 3258 113,
2466 3196 2500 3245 1.
2544 3212 2587 3252 1,
2624 3203 2759 3246 note.

1602 3273 1706 3322 For
1723 3273 1812 3322 the
1834 3273 2124 3323 distinction
2145 3273 2375 3327 between
2402 3271 2628 3334 ἀλαζόνες
2659 3275 2762 3326 and

1602 3352 1898 3418 ὑπερήφανοι
1931 3370 2094 3420 comp.
2129 3355 2284 3405 Thdt.
2324 3371 2392 3405 on
2427 3355 2578 3406 Rom.
2607 3357 2641 3405 i.
2669 3372 2760 3420 30:

1604 3434 2028 3500 ὑπερηφάνους,
2067 3437 2176 3488 τοὺς
2205 3435 2279 3499 ἐφ’
2308 3437 2374 3495 οἷς
2398 3439 2592 3498 ἔχουσιν
2614 3441 2760 3489 πλεο-

1602 3520 1896 3580 νεκτήμασιν
1939 3519 2136 3589 μεγάλα
2181 3521 2491 3582 φρονοῦντας·
2549 3519 2760 3582 ἀλαζό-

1604 3618 1730 3658 νας,
1765 3601 1876 3650 τοὺς
1910 3598 2135 3660 οὐδεμίαν
2167 3602 2254 3660 μὲν
2289 3601 2492 3663 ἔχοντας
2514 3603 2760 3666 πρόφασιν

1602 3685 1674 3734 εἰς
1701 3684 2002 3745 φρονήματος
2031 3681 2190 3744 ὄγκον,
2224 3680 2388 3743 μάτην
2420 3685 2472 3732 δὲ
2507 3687 2761 3746 φυσιουμέ-

1602 3781 1720 3817 rous.
1789 3763 1864 3812 As
1891 3763 2092 3827 regards
2126 3765 2337 3832 ἀλαζών,
2375 3763 2460 3816 the
2493 3763 2690 3814 remark
2718 3765 2764 3815 is

1602 3861 1658 3895 as
1680 3845 1766 3895 old
1788 3861 1844 3895 as
1865 3844 2108 3895 Aristotle
2133 3845 2277 3904 (Eth.
2293 3845 2411 3894 Nic.
2427 3845 2495 3896 iv.
2515 3861 2598 3911 13:
2633 3848 2767 3896 δοκεῖ

1604 3929 1665 3988 δὴ
1710 3929 1736 3979 ὁ
1779 3929 1972 3994 ἀλαζὼν
2015 3931 2388 3992 τροσποιητικὸς
2425 3932 2522 3980 τῶν
2563 3929 2761 3992 ἐνδόξων

1604 4009 1738 4065 εἶναι,
1779 4010 1860 4057 καὶ
1891 4011 1962 4070 μὴ
1995 4003 2314 4072 ὑπαρχόντων
2351 4009 2433 4058 καὶ
2467 4010 2692 4071 μειζόνων
2730 4009 2765 4071 ἢ

1600 4089 1826 4155 ὑπάρχει.
1911 4091 2091 4156 Comp.
2143 4091 2360 4152 Trench,
2411 4093 2532 4156 Syn.
2583 4091 2648 4156 of
2681 4093 2762 4144 the

1598 4175 1674 4224 N.
1701 4175 1758 4225 T.
1789 4187 1827 4224 1.
1852 4190 1903 4239 p.
1934 4189 2042 4224 111.
2111 4173 2361 4226 Iansranc
2382 4174 2474 4224 has
2495 4177 2760 4239 preserved

1599 4255 1688 4304 the
1724 4255 1990 4304 substance
2034 4253 2094 4305 of
2128 4253 2274 4305 Th.’s
2317 4253 2664 4319 explanations
2709 4256 2768 4306 of

1601 4335 1840 4402 ἀλαζόνες,
1869 4335 2186 4400 ὑπερήφανοι,
2203 4333 2504 4400 βλάσφημοι,
2526 4336 2760 4402 διάβολοι,

1599 4421 1943 4480 τετυφωμένοι.

2796 1630 2875 1688 10

2795 2340 2882 2408 15·
