3250 5025
323 333 372 397 Ι.
409 351 464 415 3,
495 332 582 417 4]
872 345 956 399 IN
1005 346 1109 399 ΕΡ.
1155 348 1259 398 AD
1305 348 2055 401 THESSALomcENSEs
2102 351 2177 401 11.
2657 351 2740 415 43

317 518 636 600 quoniam
657 518 928 602 gratias
965 538 1155 603 agere
1194 518 1501 597 debemus,
1536 520 1727 604 quasi
1769 521 1882 603 qui
1924 529 1992 585 et
2026 518 2309 583 incusari
2351 518 2440 583 sit
2481 518 2741 603 dignus,

317 620 374 685 si
407 641 542 683 non
574 622 878 685 debiturn
911 623 1216 687 redderet
1247 642 1370 705 pro
1401 623 1546 697 illis,
1580 644 1702 706 pro
1735 624 1975 707 q'uibus
2007 633 2075 688 et
2106 623 2355 688 debent
2378 625 2743 707 gratiarum

318 722 670 799 actionem,
694 744 774 787 eo
794 725 974 806 quod
1008 734 1076 789 et
1107 726 1472 790 necessarie
1502 725 1749 790 debere
1780 723 1963 789 illam
1988 724 2312 789 uideatur.
2358 734 2426 789 et
2456 725 2744 802 adiectio

317 836 420 891 est
474 827 823 910 perspicua
869 848 1073 911 quam
1128 829 1373 893 adiecit
1419 828 1649 894 dicens
1699 828 1869 891 sicut
1914 827 2191 911 dignum
2235 837 2331 891 est
2349 852 2380 904 ,·
2448 828 2628 911 quod
2676 836 2747 892 et

319 928 542 1010 ipsum
606 938 1044 1011 augmentum
1104 928 1311 995 habet
1367 930 1732 1013 gratiarum
1808 930 2109 1006 actioni3‚
2170 929 2499 1013 siquidem
2583 929 2745 994 talia
2820 934 2851 1002 5

315 1041 475 1096 sunt
520 1053 692 1115 quae
738 1033 1105 1097 secundum
1144 1054 1259 1098 eos
1299 1043 1475 1112 sunt,
1515 1042 1591 1097 ut
1636 1033 1807 1096 iuste
1855 1032 2005 1096 Deo
2050 1054 2174 1116 pro
2214 1032 2341 1096 illis
2377 1032 2741 1116 gratiarum

318 1134 496 1198 actio
545 1134 882 1200 referatur.
975 1134 1154 1199 unde
1212 1134 1574 1200 ostendens
1629 1136 1787 1219 quia
1846 1136 1986 1197 iure
2041 1135 2168 1198 ista
2207 1134 2387 1211 dicit,
2438 1155 2519 1198 eo
2559 1133 2741 1217 quod

319 1258 567 1321 magna
597 1247 786 1303 erant
817 1239 932 1303 illa
962 1260 1135 1324 quae
1166 1238 1531 1303 secundum
1564 1259 1679 1302 eos
1712 1247 1917 1314 erant,
1950 1239 2046 1302 ait
2075 1259 2089 1301 :

448 1409 758 1491 quoniam
807 1408 1215 1493 supercrescit
1238 1408 1417 1493 fides
1465 1419 1707 1489 uestra,
1760 1419 1825 1474 et
1876 1410 2175 1475 abundat
2220 1410 2465 1476 caritas
2516 1411 2741 1475 unius-

315 1512 619 1595 cuiusque
646 1514 938 1578 omnium
969 1524 1257 1577 uestrum
1289 1514 1359 1576 in
1389 1515 1803 1579 alterutrum.
2776 1537 2855 1585 10

449 1651 699 1715 etenim
744 1672 862 1734 per
899 1652 1126 1716 omnia
1171 1652 1470 1716 ostendit
1510 1653 1830 1735 quoniam
1880 1673 2129 1737 magna
2173 1663 2363 1718 erant
2410 1652 2523 1718 illa
2570 1674 2743 1737 quae

317 1752 686 1815 secundum
719 1774 833 1817 eos
867 1762 1071 1831 erant,
1105 1775 1196 1817 ex
1237 1754 1478 1837 quibus
1521 1754 1700 1818 dixit
1746 1754 1949 1819 fidem
1992 1775 2223 1819 eorum
2267 1776 2525 1839 augere,
2560 1756 2740 1839 quod

315 1853 655 1918 habebant
685 1854 936 1938 aliquid
970 1855 1256 1939 amplius
1293 1877 1334 1920 a
1375 1854 1737 1933 firmitate3
1786 1854 2063 1919 firmitas
2105 1856 2285 1921 enim
2324 1856 2455 1920 dici
2499 1864 2741 1939 potest,

318 1956 444 2019 etsi
505 1958 573 2019 in
635 1957 872 2021 eodem
949 1965 1127 2021 statu
1205 1966 1498 2021 maneat.
1591 1977 1750 2021 nam
1825 1957 2007 2040 quod
2082 1956 2260 2020 dixit
2332 1956 2739 2039 squercreuz't,

317 2059 615 2123 ostendit
667 2051 847 2144 quod
902 2070 971 2124 et
1017 2062 1083 2124 in
1137 2061 1284 2143 ipsa
1331 2060 1462 2123 fide
1512 2068 1950 2143 augmentum
2004 2062 2405 2143 sumpserint
2430 2081 2447 2140 ;
2513 2072 2580 2127 et
2630 2064 2737 2127 ‘in
2776 2081 2845 2148 15

317 2163 707 2226 alterutrum
761 2164 1108 2227 caritatem
1168 2183 1399 2228 eorum
1449 2162 1827 2227 abundare'
1880 2164 2126 2242 dicenS,
2176 2167 2357 2248 quod
2404 2176 2471 2231 et
2520 2168 2738 2252 ipsum

317 2264 614 2327 ostendit
667 2265 735 2327 in
795 2266 939 2330 dies
993 2264 1293 2348 singulos
1354 2264 1700 2328 meliorem
1762 2264 2025 2328 illorum
2086 2266 2290 2330 fuisse
2349 2267 2741 2350 profectum.

312 2366 494 2449 quod
527 2367 730 2429 etiam
763 2369 977 2431 maius
1008 2369 1313 2431 adserere
1344 2369 1616 2450 cupiens
1654 2367 1866 2431 dixit:
1910 2366 2411 2450 uniuscuiusque
2450 2369 2737 2434 omnium

315 2478 606 2532 uestrum
660 2470 730 2533 in
781 2470 1167 2534 alterutrum
1186 2494 1218 2546 ,·
1289 2489 1522 2534 omnes
1572 2468 1751 2534 enirn
1803 2467 2105 2534 similiter
2145 2468 2322 2533 dixit
2367 2469 2535 2535 tales
2578 2492 2738 2538 esse.

319 2577 389 2633 et
418 2591 590 2653 quae
621 2580 723 2635 est
755 2573 943 2635 istius
974 2575 1066 2636 rei
1100 2572 1456 2656 probatio?
2769 2603 2855 2652 20

450 2726 546 2789 ita
576 2736 653 2790 ut
678 2747 792 2790 nos
823 2727 950 2811 zpsi
976 2727 1046 2792 in
1076 2728 1257 2793 uobis
1275 2727 1643 2812 gloriemur
1688 2727 1759 2791 in
1797 2725 2073 2790 ecclesiis
2102 2725 2248 2804 Dei,
2272 2739 2399 2810 pro
2412 2727 2740 2810 patzkntia

416 2949 444 2983 2
479 2949 571 2998 pro
589 2933 770 2997 quibus
791 2934 940 2984 debet
969 2935 1013 2984 C
1034 2934 1181 3000 (corr)
1435 2947 1463 2995 3
1500 2939 1552 2983 et
1573 2931 1679 2997 (bes
1687 2931 1898 2993 necess.)
1920 2947 1999 2981 om
2028 2930 2073 2979 C
2092 2931 2240 2994 (corr)
2267 2949 2300 2981 r
2526 2945 2554 2996 5
2589 2933 2741 2985 habet

313 3022 442 3080 grat.
463 3031 544 3064 om
566 3030 600 3063 r
772 3026 799 3077 7
834 3015 983 3064 ualde
1009 3016 1120 3079 (for
1139 3016 1293 3076 unde)
1319 3015 1385 3064 Η
1403 3012 1413 3079 Ι
1439 3030 1501 3064 eo
1523 3019 1572 3064 et
1596 3013 1734 3079 quod
1756 3029 1789 3062 r
1970 3014 2001 3063 8
2038 3020 2179 3062 erunt
2204 3029 2236 3062 r
2422 3029 2483 3066 10
2516 3015 2741 3064 omnium

311 3111 392 3146 om
413 3096 484 3145 Η
672 3111 693 3146 1
706 3113 727 3147 1
763 3112 916 3161 quon.
939 3113 1122 3162 magna
1144 3113 1214 3147 er.
1237 3113 1314 3146 om
1342 3095 1413 3146 C*
1617 3110 1677 3157 14
1710 3095 1753 3144 si
1777 3095 1893 3159 (sor
1910 3092 2021 3158 etsi)
2051 3095 2096 3144 C
2116 3093 2264 3157 (corr)
2489 3107 2545 3158 15
2570 3095 2622 3144 in
2649 3097 2757 3160 (bes

313 3175 444 3241 ipsa)
467 3194 547 3226 om
567 3178 638 3227 Η
817 3188 872 3240 17
897 3178 1160 3228 meliorum
1188 3177 1259 3229 C*
1463 3179 1520 3227 18
1552 3176 1677 3226 dicit
1698 3177 1766 3224 Η
1784 3175 1793 3239 Ι
1819 3182 2039 3226 uestrum
2062 3191 2199 3225 omn.
2224 3191 2257 3225 r
2451 3192 2508 3227 21
2546 3177 2739 3228 domini

309 3257 428 3322 (for
444 3257 548 3320 dei)
571 3275 605 3308 r

389 3469 430 3503 1.
501 3451 786 3515 ‘debemus,’
818 3457 969 3520 quasi
1017 3455 1121 3520 qui,
1183 3454 1300 3516 &c.]
1379 3453 1477 3504 See
1581 3457 1613 3479 “
1635 3450 1688 3501 in
1712 3449 1981 3501 inuicem.”

316 3535 499 3592 below,
540 3551 586 3585 c.
631 3535 684 3584 ii.
733 3551 752 3584 ι
763 3551 808 3599 3.
843 3536 1064 3600 Thpht.=
1111 3537 1168 3585 τὸ
1201 3537 1303 3597 γὰρ
1348 3531 1480 3595 ἄξιον
1650 3547 1725 3596 13.
1792 3531 2323 3596 ampliusafirmitate]
2359 3532 2439 3583 Cs.
2477 3544 2517 3582 1.
2557 3549 2607 3599 p.
2653 3549 2731 3598 32,

315 3615 541 3676 γίνεσθαι
593 3617 836 3675 ποιοῦμεν·
906 3617 978 3664 διὸ
1033 3616 1111 3664 καὶ
1165 3615 1370 3676 ὀφειλὴν
1418 3615 1477 3663 τὸ
1578 3613 1614 3663 l.
1639 3612 1687 3674 6,
1717 3620 1853 3664 note.

318 3697 528 3760 πρᾶγμα
585 3696 841 3754 ὠνόμασεν.
915 3697 1108 3746 Debent
1118 3713 1138 3754 ,-
1191 3696 1278 3746 the
1333 3711 1477 3745 sense
1650 3711 1725 3758 14.
1791 3693 2112 3758 super-creua]
2146 3694 2272 3744 This
2294 3695 2487 3760 change
2517 3696 2577 3746 of
2596 3703 2736 3748 tense

317 3794 482 3829 seems
513 3778 698 3829 almost
719 3785 774 3828 to
808 3779 1004 3842 require
1039 3778 1171 3828 debet
1193 3775 1300 3842 (the
1321 3777 1461 3828 read·
1579 3779 1622 3828 is
1661 3777 1955 3844 apparently
1987 3793 2019 3828 a
2052 3779 2151 3842 slip
2183 3795 2251 3828 on
2286 3778 2373 3828 the
2405 3787 2517 3844 part
2550 3781 2609 3829 of
2634 3780 2734 3830 Th.

315 3861 406 3926 ing
427 3860 487 3910 of
517 3862 562 3910 C
581 3860 783 3922 (corr.)),
813 3876 871 3910 or
891 3861 1107 3924 perhaps
1131 3861 1305 3911 debeat.
1578 3859 1793 3910 himself.
1856 3859 2029 3923 Chrys·
2054 3858 2175 3908 oells
2198 3859 2444 3909 attention
2466 3867 2520 3910 to
2543 3860 2628 3910 the
2650 3877 2736 3910 use

383 3938 432 3989 6.
499 3941 624 3991 iuste
667 3943 786 4002 Deo,
825 3941 940 4002 &c.]
1023 3941 1149 3991 This
1185 3941 1476 4006 interpreta-
1579 3938 1641 3988 of
1656 3939 1742 3989 the
1760 3938 2045 4003 compound
2064 3939 2186 3987 verb
2203 3935 2308 3997 (οὐκ
2330 3941 2463 3987 εἶπεν
2483 3941 2733 4000 αὐξάνει,

316 4022 426 4072 tion
449 4020 509 4071 of
533 4023 690 4072 καθὼς
724 4021 862 4083 ἄξιον
887 4022 931 4072 is
953 4022 1140 4072 offered
1167 4023 1238 4086 by
1260 4022 1382 4073 Oec.
1423 4037 1478 4072 as
1579 4019 1713 4078 ἀλλ’,
1734 4020 2156 4082 ὑπεραυξάνει),
2172 4021 2271 4070 and
2289 4037 2345 4070 so
2365 4021 2505 4083 Oec.,
2521 4022 2567 4071 Τ
2568 4023 2733 4087 hpht.;

317 4103 406 4154 the
439 4104 622 4154 former
667 4104 726 4153 of
757 4113 860 4154 two
896 4105 1243 4154 altematives:
1299 4101 1350 4164 ἧ,
1403 4104 1479 4153 ὅτι
1579 4104 1677 4154 Th.
1707 4103 1809 4152 and
1832 4102 1986 4152 Thdt.
2012 4102 2097 4151 fail
2122 4110 2176 4152 to
2198 4102 2364 4152 notice
2386 4103 2441 4152 it.

319 4184 509 4250 (φησιν)
534 4183 716 4235 δίκαιόν
744 4187 880 4235 ἐστιν
917 4187 1119 4246 νοήσεις·
1154 4183 1188 4244 ἥ
1216 4186 1274 4233 τὸ
1305 4185 1477 4248 neqni-
1653 4199 1727 4251 ¹9·
1798 4200 1963 4234 omnes
2004 4185 2135 4234 enim
2178 4185 2427 4245 similiter,
2478 4185 2593 4247 &c.]
2650 4186 2733 4236 Cf.

315 4269 428 4317 λως
465 4267 796 4326 ἑξακουστέον,
835 4267 912 4315 ἶνα,
947 4264 995 4328 ᾗ·
1043 4267 1285 4328 μεγάλως,
1327 4268 1481 4318 καθὼς
1579 4265 1787 4329 Chrys-2
1822 4267 1904 4314 καὶ
1926 4264 2015 4328 ὅρα
2041 4265 2258 4327 ἀγάπην·
2309 4266 2365 4315 οὔ
2396 4267 2481 4315 τὸν
2503 4267 2591 4326 μὲν
2613 4267 2736 4328 ind.-

316 4347 452 4409 ἄξιον
474 4347 756 4410 τῷμεγάλα
777 4349 1059 4410 ιιινιψέχοντι.
1581 4364 1701 4408 πων,
1736 4349 1821 4397 τὸν
1855 4349 1907 4397 δὲ
1943 4349 2018 4397 οὔ·
2067 4346 2181 4397 ἀλλ’
2227 4349 2312 4408 ἴση
2344 4345 2409 4410 ἥν
2445 4351 2581 4414 παρὰ
2612 4351 2735 4399 πάν-

391 4443 466 4479 10.
534 4429 592 4479 in
627 4430 951 4492 alterutrum]
1007 4429 1069 4480 Ο.
1103 4430 1160 4480 L.
1191 4429 1289 4499 and
1308 4429 1479 4494 vulg..
1581 4447 1693 4480 των.
