3250 5025
527 397 650 460 104
1187 389 1646 443 Tflnononus
1694 387 2281 443 MOPSUESTENUS
2690 375 2847 459 [ΙΙΙ.
2882 391 2938 439 2.

520 562 706 626 illum
738 561 850 644 qui
883 570 1038 645 post
1068 561 1497 625 amissionem
1531 563 1787 644 primae
1826 563 2192 627 secundam
2237 583 2519 626 uxorem
2554 584 2675 627 suo
2706 563 2941 627 ordine

519 667 762 749 accipit
797 667 883 731 ad
917 667 1375 750 episcopatum
1409 667 1687 749 produci
1720 667 2089 751 prohibeat.
2179 669 2294 750 qui
2327 669 2506 731 enim
2538 668 2759 732 dixit:
2800 668 2941 732 dico

519 779 736 834 autem
791 771 1081 854 innuptis
1127 782 1191 836 et
1234 771 1473 849 uiduis,
1521 782 1590 837 et
1637 774 1833 838 simul
1879 773 2290 856 coniungens
2342 775 2683 856 utriusque
2734 792 2937 837 unam

521 875 739 957 legem
800 877 984 941 uisus
1043 886 1145 941 est
1205 877 1721 961 deprompsisse,
1782 878 2060 943 euidens
2119 886 2224 943 est
2283 879 2463 960 quod
2524 898 2732 941 unum
2794 896 2940 939 esse

459 979 819 1062 5utrisque
892 979 1349 1044 existimabat.
1440 980 1602 1065 quid
1679 981 1859 1044 enirn
1933 979 2157 1045 differt
2234 980 2601 1044 secundum
2662 990 2940 1044 naturae

524 1091 782 1146 motum
843 1092 960 1147 aut
1013 1083 1100 1146 ad
1155 1083 1429 1166 plenum
1481 1103 1617 1147 non
1662 1082 1993 1159 habuisse,
2041 1092 2159 1148 aut
2204 1083 2517 1148 habuisse
2557 1086 2827 1168 quidem
2871 1096 2940 1149 et

525 1188 825 1252 amisisse
857 1194 924 1250 et
953 1205 1088 1250 non
1119 1185 1367 1250 habere
1394 1185 1418 1249 ?
1507 1207 1667 1251 nam
1708 1185 2089 1250 huiusmodi
2133 1189 2305 1251 ratio
2348 1189 2562 1270 magis
2594 1190 2661 1251 in
2694 1197 2939 1252 euentu

523 1293 828 1360 consistit
858 1311 1060 1374 quarn
1091 1289 1180 1353 ad
1212 1291 1631 1372 propositum
1662 1291 1947 1373 respicit.
2040 1310 2197 1353 narn
2228 1292 2286 1354 is
2316 1292 2428 1374 qui
2463 1290 2695 1356 habuit
2728 1290 2940 1355 multo

525 1408 828 1480 tempore
875 1396 1343 1460 conuiuentem
1399 1395 1524 1458 sibi
1579 1415 1881 1472 uxorem,
1944 1395 2198 1478 potitus
2248 1396 2478 1479 utique
2528 1405 2632 1462 est
2680 1417 2830 1460 earn
2871 1397 2939 1459 in

423 1519 503 1567 10
527 1508 852 1585 quantum
885 1497 1140 1576 uoluit3
1185 1498 1297 1580 qui
1335 1517 1496 1561 uero
1537 1505 1693 1580 post
1724 1499 2045 1581 exiguum
2077 1507 2345 1580 tempus
2384 1499 2668 1563 eandem
2700 1499 2941 1576 amisit,

527 1604 896 1670 necessarie
954 1603 1042 1668 ad
1102 1603 1427 1667 secundas
1488 1603 1749 1668 accedit
1809 1604 2093 1687 nuptias,
2178 1602 2490 1667 accidunt
2536 1610 2763 1665 autem
2812 1601 2941 1664 ista

527 1695 772 1774 euentu
831 1706 1056 1791 potius
1115 1727 1320 1791 quam
1394 1706 1757 1770 directione
1816 1707 2084 1772 arbitrii.
2172 1726 2346 1790 quae
2419 1704 2779 1769 discutiens
2852 1703 2940 1767 ad

526 1939 896 2030 ἐπιτρέψας
924 1944 1017 2028 τῷ
1044 1939 1300 2029 πρώτῳ,
1332 1938 1394 2007 εἰ
1429 1939 1713 2026 νομίμως
1752 1939 2063 2024 1’γίι-γνοιτο,
2096 1939 2187 2010 εἷς
2227 1935 2600 2019 ἐπισκοπὴν
2637 1933 2942 2023 παριέναι

525 2044 638 2111 τὸν
675 2048 971 2111 τοιοῦτον
1012 2043 1357 2112 ἐκώλυσεν,
1472 2043 1507 2110 ὁ
1554 2045 1681 2132 «γὰρ
1722 2045 1943 2111 εἰπών·
2007 2047 2175 2120 λέΓω
2222 2045 2295 2110 A&
2358 2041 2487 2109 mic
2553 2043 2801 2117 clf-duone
2853 2039 2941 2107 καὶ

421 2160 493 2229 15
525 2147 655 2215 ταῖς
709 2151 929 2236 χήραις,
975 2147 1088 2215 καὶ
1146 2147 1309 2232 ὁμοῦ
1356 2144 1672 2235 συνάψας
1722 2146 1955 2219 αὐτοῦς
1998 2147 2111 2214 καὶ
2161 2146 2277 2214 ἕνα
2335 2146 2535 2230 νόμον
2581 2143 2945 2229 ἐξενεγκών,

527 2252 726 2334 δῆλος
775 2251 858 2334 ἦν
917 2252 987 2320 ἕν
1037 2278 1104 2319 τι
1150 2252 1561 2340 ἀμφοτέρους
1609 2251 1981 2338 ἡγούμενος.
2100 2253 2382 2323 εἰκότως·
2453 2250 2525 2318 τί
2577 2250 2705 2336 γὰρ
2758 2248 2941 2316 διαλ-

523 2353 759 2422 λάττει
804 2353 974 2421 κατά
1021 2380 1099 2437 ’γε
1140 2351 1262 2438 τὴν
1305 2357 1418 2432 τῆς
1455 2354 1715 2443 φύσεως
1760 2354 1976 2443 ὄρεξιν
2020 2355 2060 2434 ἢ
2107 2355 2398 2422 καθόλου
2434 2353 2526 2440 μὴ
2567 2351 2941 2443 ἐσχηκέναι,

523 2456 563 2542 ἢ
605 2455 965 2547 ἐσχηκέναι
1000 2453 1134 2543 μέν,
1167 2453 1702 2539 ἀποβεβληκότα
1740 2455 1809 2525 δὲ
1848 2455 1965 2523 οὐκ
2002 2455 2181 2549 ἔχειν
2198 2481 2217 2539 ;
2265 2455 2408 2524 ἐπεὶ
2437 2454 2553 2523 καὶ
2586 2453 2946 2544 συντυχίας

524 2560 600 2626 τὸ
631 2563 888 2626 τοιοῦτο
922 2558 1189 2639 μᾶλλόν
1221 2560 1402 2626 ἐστιν
1428 2560 1469 2641 ἢ
1512 2559 1788 2644 «γνώμης.
1876 2558 1912 2624 ὁ
1950 2560 2071 2641 μὲν
2108 2557 2235 2647 «γὰρ
2272 2557 2577 2648 ἐσχηκώς
2622 2556 2732 2623 ἐπὶ
2766 2553 2944 2622 πολι)

414 2682 500 2732 20
526 2660 644 2742 τὴν
675 2662 910 2728 ἑαυτοῦ
937 2660 1299 2742 βιώσασαν
1326 2668 1614 2746 γυναῖκα,
1648 2662 2027 2746 ἀπέλαυσεν
2055 2664 2253 2744 αὐτῆς
2281 2660 2381 2748 ἐφ’
2415 2660 2572 2728 ὅσον
2610 2658 2946 2739 ἐβούλετο,

525 2764 560 2832 ὁ
607 2764 675 2829 δὲ
714 2763 884 2849 μετὰ
925 2763 1155 2855 βραχὺ
1199 2764 1528 2837 πολλάκις
1573 2764 1779 2848 αὐτὴν
1823 2766 2190 2843 ἀποβαλών
2236 2767 2309 2851 ἐξ
2346 2762 2632 2849 ἆνὼγκης
2676 2762 2785 2830 ἐπὶ
2830 2761 2946 2829 τὸν

527 2871 644 2950 τῆς
684 2866 986 2955 δευτέρας
1021 2867 1286 2956 ἔρχεται
1324 2867 1565 2953 γάμον·
1625 2868 1812 2937 ἔστιν
1842 2868 1913 2935 δὲ
1940 2874 2150 2936 ταῦτα
2179 2868 2543 2960 συντυχίας
2578 2868 2652 2936 οὐ
2690 2869 2947 2952 «γνώμης

527 2970 1021 3058 κατορθώματα,
1052 2970 1229 3059 ἅπερ
1261 2972 1574 3056 ἐξετάζων
1604 2971 1639 3040 ὁ
1669 2970 1989 3061 μακάριος
2021 2972 2099 3039 δι’
2130 2972 2293 3039 ὅλου
2324 2971 2629 3062 φαίνεται
2658 2974 2950 3056 Παῦλος,

632 3185 654 3220 1
692 3186 896 3221 uxorem
917 3187 995 3220 om
1019 3172 1088 3220 H

527 3250 734 3315 quidam
774 3250 818 3300 C
837 3250 865 3276 ⁴
883 3251 950 3300 H
989 3250 1231 3315 quiddam
1269 3252 1313 3302 C
1334 3250 1483 3315 (corr)

529 3332 749 3382 nientem
778 3332 864 3382 Cr
891 3330 900 3395 Ι
927 3332 1094 3397 potius
1117 3332 1177 3381 li
1191 3333 1215 3358 “

598 3535 646 3571 2.
712 3520 807 3585 qui
822 3519 957 3569 em'm
979 3520 1126 3582 daz-it,
1156 3519 1272 3582 δια]
1335 3536 1356 3570 1
1381 3520 1496 3571 Cor.
1525 3520 1609 3570 vii.
1640 3522 1689 3571 8.

531 3602 770 3667 Innuptis
801 3602 844 3651 is
866 3601 951 3651 the
972 3602 1239 3666 rendering
1262 3602 1320 3650 of
1339 3602 1502 3662 Hier„
1533 3601 1689 3666 Aug.;

532 3685 703 3749 vulg„
749 3688 897 3733 “non
937 3683 1162 3748 nuptis-'²
1231 3685 1280 3733 It
1312 3700 1524 3749 appears
1562 3684 1692 3734 from

533 3767 619 3816 the
651 3774 828 3817 catena
861 3766 969 3816 that
997 3766 1095 3815 Th.
1127 3766 1243 3815 read
1270 3768 1396 3816 ταῖς
1420 3764 1635 3829 ἀγάμοις,
1662 3782 1695 3815 a

531 3849 724 3897 variant
747 3847 912 3897 which
929 3864 1102 3897 occurs
1118 3849 1225 3897 also
1243 3848 1296 3897 in
1317 3848 1472 3897 Thdt.
1493 3849 1566 3897 ad
1580 3848 1633 3898 h.
1653 3847 1689 3899 Ι.

533 3928 690 3979 Thdt.
738 3937 932 3993 repeats
975 3929 1061 3978 the
1105 3928 1355 3979 inference
1389 3929 1554 3979 which
1592 3930 1693 3978 Th.

533 4010 696 4059 draws
711 4008 838 4059 from
861 4009 962 4058 this
982 4009 1213 4059 citation:
1237 4010 1456 4073 συνάψας
1473 4010 1697 4072 ἑκάτερον

535 4088 701 4149 τάγμα
723 4089 807 4138 ἕνα
828 4090 1038 4137 τέθεικεν
1060 4087 1218 4148 νόμον.

607 4186 682 4223 11.
752 4172 984 4221 accidunt
1013 4187 1061 4223 a.
1098 4172 1194 4221 ista
1224 4179 1420 4233 euentu,
1456 4173 1573 4235 &c.]
1607 4172 1689 4223 Cf.

536 4253 692 4304 Thdt.
710 4268 724 4303 ι
760 4256 803 4302 εἰ
819 4254 870 4302 δὲ
886 4255 944 4302 τὸ
957 4254 1116 4316 βίαιον
1134 4250 1222 4304 τοῦ
1235 4252 1448 4304 θανάτου
1468 4256 1698 4319 διέζευξεν

537 4338 626 4397 τὴν
641 4336 896 4399 προτέραν,
919 4332 951 4396 ἦ
973 4338 1024 4385 δὲ
1040 4337 1182 4397 φύσις
1205 4335 1480 4397 ἐπικειμένη
1497 4338 1696 4399 δευτέρᾳ

539 4416 792 4480 ζευχθῆναι
837 4414 1204 4477 κατηνάγκασεν
1243 4416 1448 4478 γυναικί,
1500 4418 1584 4465 οὐκ
1640 4418 1698 4466 ἐκ

538 4499 744 4557 γνώμης,
790 4493 899 4546 ἀλλ’
941 4498 997 4546 ἐκ
1041 4494 1367 4560 περιστάσεως
1411 4497 1435 4546 ὀ
1483 4494 1698 4559 δεύτερος

1317 3187 1344 3221 2
1381 3172 1651 3236 prohibeor
1676 3172 1742 3221 H

1684 3264 1710 3315 7
1746 3248 2013 3314 etomHl
2042 3252 2286 3316 non(for
2315 3250 2509 3315 nam)r

1437 3348 1488 3383 11
1529 3347 1809 3383 necessario
1832 3348 1864 3381 r

1960 3191 1991 3234 4
2026 3171 2187 3236 inquit
2212 3170 2311 3235 (ast
2331 3170 2507 3231 unum)
2540 3171 2647 3221 add
2667 3187 2700 3221 r
2914 3168 2947 3219 6

2700 3267 2733 3318 9
2766 3264 2947 3301 conue-

1786 3520 2052 3583 γεγένηται
2082 3516 2252 3582 γάμος.
2318 3518 2484 3569 There
2511 3518 2553 3567 is
2575 3535 2606 3570 a
2634 3518 2949 3577 remarkable

1790 3602 1999 3667 parallel
2034 3601 2088 3650 in
2130 3600 2187 3651 S.
2216 3600 2461 3664 Jerome’s
2504 3614 2685 3649 comm.
2732 3615 2797 3650 on
2843 3601 2947 3650 Tit.

1790 3680 1824 3731 i.
1850 3680 1897 3739 6,
1922 3680 2157 3746 repeated
2180 3682 2249 3745 by
2274 3680 2505 3730 Sedulius
2530 3680 2710 3730 Scottis
2732 3682 2804 3730 ad
2820 3680 2869 3729 Ιι.
2890 3682 2946 3730 l.:

1795 3763 1951 3811 “esto
2010 3761 2198 3826 quippe
2249 3761 2467 3825 aliquem
2522 3761 2949 3811 adolescentulum

1798 3846 2062 3910 coniugem
2095 3845 2370 3909 perdidisse
2392 3852 2441 3895 et
2471 3845 2633 3895 carnis
2656 3845 2949 3895 necessitate

1791 3936 2077 3991 superatum
2121 3927 2373 3991 accepisse
2410 3942 2615 3975 uxorem
2660 3928 2947 3989 secundam,

1793 4024 1945 4073 quam
1968 4016 2018 4058 et
2047 4008 2154 4073 ipse
2180 4008 2347 4057 statim
2376 4008 2610 4067 amiserit,
2640 4014 2690 4057 et
2715 4008 2952 4072 deinceps

1728 4107 1736 4114 ·
1792 4088 1971 4139 uixerit
2002 4088 2343 4145 continentem
2381 4088 2535 4137 aliurn
2566 4103 2686 4137 uero
2706 4104 2862 4153 nsque
2884 4090 2952 4139 ad

1792 4180 2045 4222 senectam
2073 4171 2306 4222 habuisse
2340 4171 2709 4221 matrimonium
2718 4210 2835 4223 ......
2842 4173 2953 4237 quis

1793 4254 1941 4305 nobis
1975 4271 2004 4305 e
2034 4255 2229 4305 duobus
2262 4254 2461 4304 uidetur
2492 4270 2599 4305 esse
2638 4256 2828 4314 melior,
2862 4272 2949 4320 pu-

1795 4334 1968 4395 dicior,
2008 4335 2379 4385 continentior?
2432 4335 2605 4399 utique
2647 4335 2735 4399 qui
2780 4335 2953 4387 infelix

1795 4416 1948 4467 etiam
2002 4416 2052 4466 in
2104 4417 2325 4468 secundo
2374 4417 2696 4467 matrimonio
2741 4417 2850 4477 suit,
2901 4427 2953 4470 et

1796 4506 1969 4563 postea
1993 4499 2173 4564 pudice
2194 4504 2245 4549 et
2268 4506 2437 4549 sancte
2459 4506 2779 4550 conuersatus
2801 4500 2933 4551 est.”
