3250 5025
97 0 552 7 ῂ--.-τ-----ὴ-ἠ-ἶ
575 0 582 1 7

269 405 320 469 I.
367 407 486 490 17.]

399 588 543 673 reg-i
584 601 802 654 autem
847 592 1244 655 saeculorum
1297 594 1677 676 incorruptO,
1730 590 2061 657 z'nuzlrz’bili
2114 590 2241 655 soli
2287 590 2440 667 Dee,
2494 588 2698 654 honor

263 704 328 756 et
343 694 566 777 gloria
597 694 668 758 in
695 696 950 759 saecula
978 696 1394 761 saeculorum.
1483 717 1690 761 amen.

989 418 1072 470 IN
1123 420 1226 472 ΕΡ.
1272 420 1375 470 AD
1422 420 1888 473 TIMOTHEUM
1938 421 1981 471 1.
2611 405 2685 467 81

396 820 524 883 hoc
547 829 681 884 est:
710 817 780 901 †‘
797 842 920 903 pro
943 822 1254 885 omnibus
1285 823 1478 885 bonis
1511 823 1697 887 illum
1731 822 1985 885 laudari
2019 823 2267 886 iustum
2288 830 2387 884 est
2412 842 2453 883 a
2478 821 2686 898 nobiS,

267 924 378 1005 qui
425 932 763 987 tantorum
797 924 989 987 nobis
1020 924 1346 989 bonorum
1382 923 1611 989 au'ctor
1645 926 1953 988 extitisse
1983 924 2281 988 uidetur.'
2350 935 2575 988 tamen
2620 933 2690 988 et

265 1026 537 1107 hymnis
589 1026 844 1091 nullum
907 1049 1153 1092 nomen
1215 1030 1521 1093 absolute
1580 1030 1819 1112 posuit,
1883 1030 1999 1092 sed
2063 1026 2359 1110 ‘regem’
2400 1027 2687 1110 quidem
2765 1037 2796 1104 5

268 1131 718 1194 ‘saeculorum
746 1130 759 1155 ’
812 1134 1082 1196 uocauit
1138 1133 1379 1211 Deum,
1441 1144 1717 1216 propter
1764 1132 2131 1196 futurorum
2184 1132 2684 1207 aeternitatem3

265 1233 901 1316 ‘incorruptibilem’
955 1256 1114 1299 uero
1174 1237 1367 1313 dixit,
1431 1247 1705 1321 propter
1764 1236 1946 1300 illam
1999 1235 2687 1317 incorruptibilitatem

264 1355 468 1417 quam
499 1338 690 1400 nobis
729 1340 965 1403 adesse
1008 1351 1448 1423 expectamus
1469 1366 1486 1421 ;
1530 1340 2003 1406 ‘inuisibilem’
2035 1361 2196 1404 uero
2233 1341 2345 1416 ait,
2380 1360 2460 1402 eo
2501 1336 2685 1422 quod

263 1458 399 1501 non
451 1440 803 1506 uideantur
847 1442 960 1506 illa
1005 1443 1186 1509 bona
1229 1467 1402 1529 quae
1447 1455 1909 1529 expectantur.
2004 1465 2162 1527 ergo
2208 1444 2295 1508 ab
2340 1442 2467 1507 illis
2516 1461 2689 1524 quae

265 1540 417 1603 Deo
470 1543 732 1619 adsunt,
795 1545 908 1608 illa
968 1567 1141 1628 quae
1199 1548 1393 1611 nobis
1453 1549 1540 1611 ab
1599 1570 1681 1612 eo
1742 1550 2025 1611 aderunt
2072 1547 2252 1610 credi
2293 1547 2465 1609 bene
2518 1547 2687 1609 rein·
2726 1558 2803 1605 10

263 1645 616 1723 sinuauit‚*-
652 1648 846 1712 sicuti
879 1659 948 1713 et
985 1650 1052 1713 in
1084 1652 1532 1732 superioribus
1563 1658 1578 1685 ‘
1597 1653 1871 1716 beatum
1893 1651 1908 1677 ’
1940 1673 2093 1715 eum
2125 1652 2304 1715 dixit
2333 1650 2421 1713 ad
2453 1648 2687 1713 confir-

263 1748 631 1813 mationem
662 1751 1097 1815 beatitudinis
1129 1753 1306 1817 illius
1337 1775 1511 1837 quae
1541 1755 1737 1818 nobis
1762 1756 1992 1819 aderit.
2068 1774 2301 1819 uerum
2333 1754 2490 1836 quia
2523 1752 2686 1815 nihil

264 1874 356 1917 ex
405 1853 510 1916 his
553 1854 902 1935 apostolus
947 1855 1300 1920 definitum
1350 1876 1474 1938 pro
1519 1877 1641 1919 suo
1690 1858 1914 1939 posuit
1960 1857 2250 1933 arbitrio,
2298 1855 2415 1918 sed
2462 1856 2689 1917 omnia

263 1956 468 2037 (sicut
517 1956 586 2018 in
639 1958 1186 2039 interpretatione
1234 1957 1675 2037 ostendimus)
1728 1960 2163 2041 congregauit
2207 1959 2526 2021 aduersus
2572 1978 2688 2020 eos

263 2061 380 2143 qui
431 2080 553 2142 pro
606 2060 772 2144 legis
817 2063 1120 2126 doctrina
1164 2082 1588 2144 corrumpere
1630 2062 1966 2144 dogmatis
2011 2061 2485 2125 adnitebantur
2528 2060 2687 2123 sim·
2722 2070 2792 2136 15

261 2164 632 2245 plicitatem
655 2188 671 2243 ;
715 2166 892 2228 unde
939 2175 1006 2229 et
1051 2166 1312 2247 scripsit
1357 2164 1465 2241 illi,
1514 2174 1590 2227 ut
1636 2164 2045 2246 praeciperet
2088 2164 2224 2225 suis
2265 2184 2399 2226 non
2442 2162 2687 2226 debere

397 2336 412 2363 ‘
431 2327 598 2416 ὑπὲρ
643 2328 962 2395 ἁπάντων
1001 2330 1243 2396 ἐκεῖνον
1279 2328 1624 2411 ὑμνεῖσθαι
1661 2326 1911 2393 δίκαιον
1952 2324 2107 2413 παρ’
2137 2324 2338 2408 ἡμῶν,
2369 2323 2484 2390 τὸν
2531 2350 2681 2389 τοσ-

265 2430 472 2497 ούτων
531 2430 687 2515 ἡμῖν
746 2432 958 2497 αἴτιον
1003 2431 1324 2516 *γεγονότα
1384 2429 1688 2515 ἀγαθῶν)
1806 2429 1921 2495 καὶ
1970 2426 2319 2509 ‘Bacchea’
2370 2425 2489 2509 μὲν
2528 2428 2687 2490 (τῶν

263 2535 544 2622 αἰώνῳν’
589 2536 906 2603 ἐκάλεσεν
956 2535 1072 2602 τὸν
1126 2535 1232 2603 θεό
1240 2562 1290 2615 ν,
1343 2535 1453 2602 διὰ
1505 2535 1580 2601 τὸ
1621 2537 1751 2600 τῶν
1792 2533 2178 2618 μελλόντων
2231 2531 2681 2613 ἀτελεύτητον.

261 2635 654 2725 ’ἅφθαρτον’
705 2636 791 2717 δέ,
840 2637 948 2705 διὰ
995 2637 1112 2717 τὴν
1158 2635 1711 2725 προσδοκωμένην
1756 2635 2187 2723 περιέσεσθαι
2228 2633 2384 2718 ἡμῖν
2428 2633 2683 2722 ἀφθαρ-
2714 2653 2799 2701 20

265 2739 444 2804 σίαν·
487 2738 824 2826 ‘do'pa‘rov’
873 2739 958 2819 δέ,
991 2739 1096 2806 διὰ
1143 2738 1218 2805 τὸ
1252 2740 1342 2823 μὴ
1384 2739 1742 2828 φαίνεσθαι
1780 2735 1865 2804 τὰ
1907 2736 2433 2824 προσδοκώμενα.
2514 2733 2686 2802 ὥστε

263 2841 404 2909 ἀπὸ
463 2847 593 2909 τῶν
652 2847 742 2932 τῷ
805 2845 930 2934 θεῷ
987 2843 1376 2930 προσόντων
1434 2844 1520 2910 τὰ
1577 2843 1734 2926 ἡμῖν
1784 2841 2215 2932 περιεσόμενα
2272 2837 2427 2926 παρ’
2485 2837 2686 2906 αὐτοῦ

264 2947 716 3031 πιστευθῆναι.

372 3108 391 3141 ι
429 3092 702 3142 immortali
725 3089 840 3155 (for
869 3092 1176 3158 incorrupto)
1203 3109 1234 3142 r
1473 3107 1501 3156 3
1537 3093 1739 3143 laudare
1778 3093 1919 3143 CH:
1960 3097 2040 3141 txt
2058 3106 2136 3155 rg
2361 3101 2389 3150 5
2418 3088 2633 3151 hymnus
2656 3102 2687 3134 r

271 3185 332 3222 ιο
364 3181 533 3222 assunt
555 3173 623 3222 H
685 3173 850 3224 adsint
869 3190 900 3222 r
1079 3184 1135 3236 17
1173 3173 1328 3224 Coisl.
1357 3189 1466 3238 204,
1496 3174 1530 3225 s.
1562 3189 1649 3239 ¹9¹
1676 3190 1707 3224 a
1729 3174 1839 3237 [Cr.
1862 3173 1949 3223 vii.
1979 3173 2059 3235 13]
2094 3169 2244 3222 ἄλλος
2268 3171 2319 3220 δέ
2342 3176 2509 3231 φησιν·
2548 3168 2681 3229 ὑπέρ,

266 3255 420 3301 mnx-

1525 3368 1596 3434 τῷ
1629 3369 1755 3436 ἁγίῳ
1790 3367 2032 3430 πνεύματι
2070 3367 2136 3419 τὰ
2171 3370 2396 3431 εἰρημένα
2430 3365 2678 3431 προσῆκει.

1525 3452 1670 3502 With
1694 3451 1837 3502 Th.’s
1871 3467 2050 3501 comm.
2082 3466 2319 3514 compare
2350 3451 2429 3500 his
2464 3449 2686 3499 remarks

333 3380 378 3430 5.
447 3367 654 3432 hymnis
708 3369 909 3418 nullum
965 3385 1143 3419 nomen
1193 3369 1424 3432 absolute]

272 3447 468 3512 ‘Every
514 3447 625 3498 title
679 3447 734 3497 in
775 3447 876 3498 this
919 3449 1174 3514 doxology
1219 3449 1310 3500 has
1359 3452 1424 3500 its

263 3528 454 3592 special
523 3529 692 3581 fitness
721 3548 740 3592 ;
802 3533 1009 3596 βασιλεῖ
1065 3534 1161 3580 τῶν
1218 3535 1416 3592 αἰώνων,
1523 3549 1663 3599 upon
1702 3535 1789 3584 the
1827 3533 2018 3584 similar
2061 3548 2273 3598 passage
2318 3533 2369 3581 in
2416 3547 2460 3581 c.
2494 3531 2562 3580 vi.
2604 3547 2678 3593 15,

263 3609 516 3671 ἀφθάρτῳ,
547 3612 754 3672 ἀοράτῳ,
778 3612 902 3662 each
947 3612 989 3662 is
1018 3613 1338 3677 appropriate
1370 3620 1424 3661 to
1531 3612 1608 3665 16.

261 3692 352 3742 the
374 3691 568 3756 subject
591 3693 644 3742 in
665 3693 841 3744 hand.'
909 3694 989 3744 Cf.
1014 3693 1172 3758 infra,
1201 3695 1236 3742 1.
1267 3710 1322 3744 ια
1343 3709 1418 3758 sq.
1597 3713 1673 3747 ιο.
1763 3697 1897 3746 credi
1922 3697 2035 3746 bene
2068 3694 2429 3756 reinsinuauit]
2470 3696 2484 3719 ‘
2502 3695 2579 3758 By
2611 3709 2685 3743 re·

265 3773 501 3838 Pelagius
555 3773 646 3824 has
701 3775 886 3840 caught
941 3776 1028 3825 the
1093 3792 1230 3828 same
1284 3776 1422 3826 idea:
1527 3774 1769 3838 counting
1806 3775 1892 3824 the
1919 3774 2183 3823 attributes
2208 3772 2265 3822 of
2290 3772 2421 3832 God,
2465 3772 2549 3821 the
2582 3772 2683 3837 Ap.

267 3855 308 3880 ⁴⁸
325 3869 410 3903 rex
433 3853 568 3904 enim
593 3855 738 3918 parui
769 3859 1012 3920 temporis
1037 3863 1088 3905 et
1118 3855 1344 3906 mortalis
1365 3871 1424 3906 ac
1525 3856 1652 3906 adds
1684 3856 1965 3920 credibility
1990 3864 2044 3905 to
2076 3855 2161 3905 the
2192 3853 2433 3905 Church's
2462 3854 2596 3920 hope
2633 3853 2693 3904 of

257 3933 477 3984 uisibilis
531 3942 582 3986 et
637 3951 794 4002 capax
857 3937 1119 3997 consortis,
1179 3939 1424 3988 honorem

261 4019 317 4062 et
359 4013 576 4077 gloriam
618 4013 950 4077 temporalem
1003 4015 1189 4066 habere
1237 4023 1419 4081 potest,

260 4109 366 4146 non
387 4102 557 4144 tamen
579 4095 986 4160 sempiternam.”
1043 4098 1224 4162 Chrys.
1248 4113 1316 4148 on
1339 4099 1426 4148 the

259 4177 408 4227 other
445 4176 596 4238 hand,
630 4177 868 4228 followed
905 4179 977 4244 by
1010 4179 1162 4230 Thdt.
1205 4179 1306 4229 and
1337 4179 1425 4230 the

263 4257 369 4307 Gk.
415 4258 709 4322 expositors‚
769 4265 1000 4308 contents
1049 4259 1256 4308 himself
1301 4259 1424 4308 with

260 4337 503 4402 claiming
524 4338 612 4388 the
641 4338 896 4404 doxology
916 4339 994 4389 sor
1017 4341 1140 4390 each
1164 4339 1350 4390 Person
1373 4340 1426 4388 in

259 4415 349 4464 the
392 4415 534 4480 Holy
572 4416 787 4481 Trinity.
856 4417 938 4466 Cf.
977 4417 1159 4468 Thdt.:
1200 4415 1254 4466 οὖ
1285 4417 1429 4476 μόνον

261 4493 337 4556 τῷ
375 4493 476 4559 θεῷ
506 4499 586 4548 καὶ
621 4499 786 4562 πατρί,
831 4497 964 4548 ἀλλὰ
1000 4501 1078 4548 καὶ
1122 4495 1195 4561 τῷ
1229 4496 1316 4560 υὶῷ
1347 4500 1426 4548 καὶ

441 4614 492 4664 S.
527 4617 601 4666 Π.

1526 3937 1716 3987 eternal
1760 3936 1983 4001 felicity.’
2050 3937 2383 3986 Reinsinuare
2427 3949 2586 3985 seems
2633 3943 2686 3984 to

1529 4016 1593 4067 be
1628 4018 1842 4068 without
1876 4015 2135 4081 example3
2168 4015 2231 4065 cs.
2266 4015 2570 4065 retribulatio
2600 4015 2684 4076 (11.

1529 4111 1579 4159 p.
1620 4116 1701 4157 44,
1746 4097 1780 4146 l.
1828 4109 1903 4159 17,
1940 4094 2096 4159 note).
2166 4095 2331 4144 Sicuti
2370 4102 2419 4144 et
2462 4097 2520 4145 in
2554 4102 2680 4160 sup„

1529 4176 1592 4226 cs.
1618 4177 1705 4226 the
1727 4192 1906 4227 comm.
1929 4193 1996 4226 on
2018 4193 2065 4226 v.
2101 4191 2176 4234 11,
2198 4185 2353 4242 supra
2376 4178 2447 4243 (p.
2474 4175 2570 4240 77).

1597 4255 1671 4306 16.
1744 4273 1845 4306 non
1876 4257 2041 4306 debere
2056 4259 2534 4321 sustinere...neque,
2566 4258 2685 4320 &c.]

1528 4339 1577 4388 A
1615 4337 1801 4388 double
1845 4338 2124 4403 rendering,
2166 4339 2397 4404 perhapS,
2441 4341 2499 4389 of
2546 4357 2685 4391 some

1526 4421 1822 4485 ambiguous
1860 4421 1996 4471 verb.
2068 4421 2181 4471 The
2232 4421 2501 4472 directions
2554 4439 2685 4473 were

1526 4499 1683 4563 really
1726 4499 1949 4560 twofold,
1999 4517 2056 4550 so
2096 4500 2201 4551 that
2254 4517 2329 4552 we
2362 4501 2521 4566 might
2555 4502 2684 4552 have

2468 4609 2511 4669 6
