3250 5025
1171 344 1628 400 THEODORUS
1671 342 2258 400 MOPSUESTENUS

493 352 631 401 200.
2523 392 2529 399 ,
2557 332 2637 417 [Ι.
2679 350 2775 411 12,
2790 382 2798 386 v<
2831 350 2854 397 1
2868 349 2923 415 3.

494 522 582 588 ad
607 543 799 587 eum:
844 542 973 585 non
1002 540 1149 603 ergo
1176 522 1519 587 erubescas.
1608 530 1678 585 et
1707 520 2072 587 ostendens
2103 519 2422 603 quoniam
2467 519 2643 585 iusta
2673 520 2928 584 ratione

494 627 693 691 docet
724 646 861 691 non
893 624 1316 689 erubescere:

626 785 754 850 scio
803 784 949 867 (ait)
1000 782 1111 848 cui
1152 781 1403 847 credidi
1441 792 1508 847 et
1549 790 1758 847 certus
1803 802 1952 846 sum
2003 781 2313 866 quoniam
2357 794 2584 867 potens
2624 794 2721 849 est
2765 806 2928 851 com-

498 890 877 955 mendatum
906 908 1121 953 meum
1148 887 1467 953 custodire
1498 886 1569 951 in
1600 886 1791 951 illum
1822 886 2012 954 diem.

436 1038 467 1105 5
630 1021 825 1083 ‘nam
900 1026 970 1084 et
1032 1016 1231 1084 ualde
1273 1014 1562 1103 '(inquit)
1647 1016 2063 1100 supplicatus
2146 1017 2466 1099 quoniam
2543 1016 2717 1101 †qui
2805 1039 2928 1101 spe

500 1121 869 1186 futurorum
946 1142 1161 1186 arram
1242 1119 1531 1203 Spiritus
1611 1118 1802 1203 quasi
1863 1120 2210 1203 quandam
2272 1121 2927 1187 commendationem

500 1225 663 1289 mihi
691 1224 893 1304 dedit,
924 1225 1259 1291 custodiet
1287 1224 1417 1289 hoc
1460 1223 1876 1301 inuiolatum,
1909 1234 1987 1289 ut
2022 1224 2390 1307 perfectam
2435 1233 2596 1290 tunc
2638 1226 2928 1309 Spiritus

500 1330 786 1413 gratiam
818 1330 1093 1414 adsequi
1126 1330 1460 1413 possimus
1488 1349 1504 1408 ;
1550 1329 1619 1394 in
1650 1350 1785 1413 qua
1815 1349 1936 1412 spe
1971 1328 2059 1393 ad
2090 1347 2404 1413 praesens
2434 1328 2607 1393 hanc
2641 1329 2928 1413 Spiritus

502 1432 787 1516 gratiam
819 1443 895 1498 ut
926 1454 1143 1498 arram
1175 1434 1473 1499 adsecuti
1504 1431 1814 1499 sumusl*

401 1591 479 1639 10
616 1578 1091 1663 formationem
1136 1579 1299 1645 habe
1353 1600 1669 1644 sanorum
1729 1577 2074 1643 uerborum
2132 1599 2298 1661 quae
2345 1600 2391 1642 a
2429 1599 2530 1643 me
2567 1578 2825 1643 audisti
2861 1577 2930 1643 in

482 1683 630 1768 fide
655 1692 718 1747 et
744 1682 1014 1747 caritate
1040 1703 1204 1765 quae
1230 1692 1328 1746 est
1356 1682 1425 1746 in
1463 1681 1719 1749 Christo
1748 1680 1900 1745 Iesu
1932 1681 2190 1744 domino
2221 1692 2450 1748 nostro,

636 1823 928 1882 ‘memot
956 1826 1101 1882 esto
1142 1818 1487 1882 doctrinae
1532 1837 1725 1882 meae
1767 1827 1836 1883 et
1884 1838 1964 1881 ea
2005 1838 2180 1901 quae
2223 1839 2265 1882 a
2306 1838 2416 1882 me
2449 1839 2653 1901 saepe
2683 1820 2928 1885 audisti

505 1922 769 1987 dicente
826 1922 950 1987 tibi
1009 1922 1098 1988 de
1156 1921 1288 1987 fide
1363 1923 1478 1988 illa
1552 1942 1760 2007 quam
1839 1923 1990 1987 Deo
2062 1922 2382 1988 exhibere
2465 1924 2808 2000 debemuS,
2862 1934 2928 1990 et

507 2026 780 2090 caritate
828 2025 945 2090 illa
982 2047 1157 2110 quae
1202 2028 1570 2091 secundum
1623 2026 1966 2092 Christum
2010 2023 2150 2090 est.'
2237 2026 2410 2091 bene
2453 2037 2681 2093 autem
2718 2028 2932 2095 dixit:

403 2254 473 2321 15
636 2230 651 2257 ‘
665 2222 726 2309 [ὅ
769 2226 884 2291 νῦν
911 2222 1026 2292 τὸν
1062 2222 1423 2314 ἀρραβῶνα
1459 2228 1578 2292 τοῦ
1611 2225 2011 2311 πνεύματος]
2054 2223 2286 2311 ὥσπερ
2322 2223 2469 2293 τινὰ
2501 2233 2894 2315 trapam-raeti

507 2348 625 2389 κΗΝ
674 2351 788 2407 μοι
846 2325 1139 2398 δεδωκὼς
1197 2325 1300 2395 ἐπ’
1360 2324 1583 2393 ἐλπίδι
1641 2330 1777 2394 τῶν
1831 2327 2234 2413 μελλόντων,
2280 2327 2686 2415 διαφυλάξαι
2737 2332 2952 2396 τοῦτο·

504 2428 825 2520 ἀκέραιον,
858 2428 971 2497 ἐπὶ
1016 2432 1109 2519 τῷ
1152 2429 1273 2514 τὴν
1315 2428 1596 2516 ὁλοτελῆ
1629 2456 1714 2515 με
1758 2429 1908 2498 τότε
1945 2434 2064 2497 τοῦ
2104 2428 2474 2517 πνεύματος
2517 2432 2934 2519 κομίσασθαι

506 2536 723 2624 χάριν,
756 2533 833 2620 ἧς
877 2533 980 2602 ἐπ’
1024 2533 1251 2601 ἐλπίδι
1294 2533 1433 2601 νυνὶ
1475 2532 1874 2618 κεκόμισμαι
1917 2535 2196 2617 ταύτηνῖ

609 2698 638 2734 a
672 2683 744 2733 ait
767 2681 884 2748 (ast
912 2680 1220 2747 erubescere)
1254 2681 1361 2734 add
1376 2699 1407 2732 r
1710 2698 1740 2746 3
1773 2683 1846 2732 ait
1866 2699 1944 2734 om
1966 2700 1999 2732 r
2021 2681 2032 2748 Ι
2062 2684 2180 2749 quia
2201 2700 2253 2748 p.
2281 2699 2311 2734 e
2332 2684 2618 2748 depositum
2641 2701 2808 2735 meum
2829 2701 2932 2735 sen-

504 2779 624 2814 uare
657 2779 691 2813 r
932 2761 964 2812 6
996 2763 1146 2812 arrha
1167 2778 1201 2812 r
1444 2777 1505 2814 ιο
1536 2762 1750 2812 sormam
1773 2763 1930 2815 habes
1951 2779 1985 2813 r
2215 2781 2269 2814 11
2307 2765 2578 2815 dilectione
2599 2764 2652 2814 in
2675 2765 2803 2814 Chr.
2829 2765 2875 2813 Ι.
2899 2782 2934 2813 r

510 2863 567 2896 12
602 2843 773 2894 uidisti
798 2842 911 2909 (for
932 2842 1070 2908 aud.)
1100 2845 1143 2894 C
1162 2845 1277 2893 Hr
1518 2859 1577 2908 13
1610 2859 1643 2894 a
1664 2845 1762 2894 deo
1783 2845 1851 2896 H
2065 2857 2123 2907 15
2157 2861 2234 2910 sq.
2262 2845 2416 2896 Coisl.
2449 2861 2561 2908 204,
2589 2847 2624 2898 s.
2653 2849 2798 2911 213b
2821 2850 2928 2912 [Cr.

505 2927 590 2976 vii.
615 2927 697 2984 60,
722 2927 806 2975 Fr.
837 2925 950 2988 156]
974 2921 1221 2987 θεόδωρος·
1252 2923 1401 2978 ἄλλος
1423 2927 1476 2976 δὲ
1510 2923 1660 2976 πάλιν
1691 2929 1841 2990 φησὶν
1870 2925 2287 2990 παρακαταθήκην
2317 2930 2556 2989 λέγεσθαι
2587 2931 2670 2979 νῦν
2700 2927 2786 2980 τὸν
2824 2929 2926 2995 cipp.

504 3005 593 3060 τοῦ
620 3025 701 3059 tv.
732 3005 785 3057 δν
810 3005 987 3071 ὥσπερ,
1016 3010 1165 3059 κ.τ.λ.

505 3140 878 3202 παρηγγύησεν.
936 3137 1188 3189 Lanfranc
1215 3137 1338 3189 cites
1360 3139 1474 3189 bene
1492 3140 1669 3205 posuit

508 3220 828 3270 ...erubescas-

572 3317 618 3365 3.
673 3301 1065 3350 commendatum
1086 3319 1153 3352 m.
1172 3303 1435 3365 custodire]
1466 3303 1666 3362 Ambr.,

1766 3143 1858 3202 τὴν
1917 3140 2318 3202 ἀντιμισθίαν.
2395 3143 2679 3194 Ambrstr.:
2757 3145 2932 3210 “quid

1767 3229 1935 3271 autem
1991 3221 2067 3270 illi
2123 3223 2460 3285 commendat,
2515 3223 2613 3273 nisi
2673 3225 2930 3276 salutem

1767 3301 1993 3353 suam?’'
2063 3303 2235 3354 Sedul.
2275 3305 2446 3355 Scot.:
2486 3305 2802 3368 “animam,
2846 3307 2930 3357 uel

512 3381 748 3431 “comm.
783 3399 853 3432 m.
898 3383 1156 3443 seruare;”
1204 3385 1477 3442 Ambrstr„
1529 3387 1665 3436 “de-
1767 3385 2100 3450 praemium.”
2169 3386 2254 3436 On
2277 3387 2363 3437 the
2383 3403 2510 3438 arra
2532 3390 2760 3453 Spiritus
2780 3407 2862 3440 see
2885 3403 2926 3440 1.

506 3467 727 3534 positum
770 3481 837 3516 m.
873 3465 1181 3525 custodire;”
1233 3467 1402 3532 Vulg.,
1453 3467 1555 3516 “d.
1592 3484 1660 3518 m.

506 3549 761 3602 seruare.”
828 3549 931 3599 For
958 3549 1348 3600 commendatum
1376 3566 1459 3600 see
1480 3551 1660 3613 above,

506 3650 575 3684 on
602 3648 623 3682 1
651 3633 783 3682 Tim.
815 3633 877 3682 vi.
913 3647 987 3684 10.

576 3730 624 3776 5.
641 3704 657 3710 “
693 3713 1015 3778 supplicatus]
1075 3713 1395 3779 Apparently
1436 3730 1469 3763 a
1511 3715 1668 3779 depo-

504 3801 659 3853 nent;
693 3794 779 3844 the
800 3794 929 3844 lexx.
960 3795 1143 3858 supply
1164 3810 1233 3843 no
1254 3795 1499 3859 example.

571 3871 625 3923 6.
690 3889 868 3923 arram
897 3875 984 3938 Sp.
1014 3874 1174 3938 quasi,
1210 3873 1325 3936 &c.]
1370 3875 1443 3926 So
1472 3874 1665 3926 Thdt.:

510 3955 671 4018 θαρρῶ
697 3952 983 4018 γὰρ...ὅσην
1015 3956 1263 4018 παρέσχεν
1294 3972 1376 4014 μοι
1409 3958 1497 4004 τοῦ
1528 3953 1667 4005 πνεύ-

507 4051 658 4094 ματος
680 4035 837 4097 χάριν,
866 4035 1104 4096 ἀκήρατον
1126 4033 1343 4097 φυλάξει.
1400 4037 1502 4085 For
1522 4036 1670 4087 other

508 4116 913 4180 interpretations
934 4116 999 4166 cf.
1020 4117 1199 4182 Chrys.
1232 4118 1304 4167 τίς
1324 4114 1356 4178 ἡ
1380 4119 1640 4181 παραθήκη
1651 4135 1669 4178 ;

508 4199 541 4261 ἠ
575 4202 791 4256 πίστις,
826 4200 884 4248 τὸ
906 4201 1156 4263 κήρυγμα·
1190 4196 1222 4261 ἢ
1251 4202 1384 4250 τοὺς
1416 4202 1668 4252 πιστοὺς

508 4281 647 4340 λέγει
675 4280 765 4336 τὴν
797 4275 1229 4342 παρακαταθήκην,
1264 4276 1325 4340 ἤν
1346 4280 1372 4328 ὁ
1398 4281 1501 4330 θεὸς
1536 4279 1669 4344 αὐτῷ

508 4361 763 4421 παρέθετο,
792 4357 824 4418 ἢ
842 4359 901 4419 ἢν
926 4356 1067 4410 αὐτὸς
1088 4358 1158 4420 τῷ
1180 4360 1277 4421 θεῷ
1297 4361 1443 4422 (Acts
1466 4379 1546 4410 xx.
1564 4364 1666 4426 32).

510 4441 701 4507 Thpht.
728 4439 873 4502 (aster
894 4441 1153 4506 repeating
1174 4441 1400 4507 Chrys.):
1432 4441 1668 4508 ἣ...λέγει

1769 3481 1820 3530 p.
1851 3465 1993 3528 43,1.
2023 3481 2100 3528 12,
2128 3467 2217 3516 &c-

1837 3559 1880 3610 7.
1947 3548 2496 3618 petffectam...adsmcti
2527 3551 2724 3615 sumus]
2777 3552 2928 3603 Cited

1765 3627 1836 3692 by
1858 3629 2127 3680 lanfranc.

1837 3725 1912 3760 10.
1967 3711 2350 3775 formationem]
2385 3713 2448 3764 Ο.
2478 3713 2564 3772 L..
2587 3713 2761 3782 vulg„
2787 3715 2923 3765 “for-

1767 3807 1904 3841 mam
1916 3791 1964 3850 ;”
1981 3793 2124 3844 Hier.
2135 3829 2150 3856 ,
2167 3794 2338 3844 Sedul.
2363 3794 2520 3853 scot..
2542 3797 2926 3861 “exemplum”

1767 3874 1848 3925 Cf.
1904 3890 1925 3924 1
1984 3874 2116 3924 Tim.
2163 3875 2198 3924 i.
2251 3874 2328 3926 16.
2391 3877 2613 3926 Caritate
2651 3895 2790 3942 quae,
2833 3879 2923 3929 &c-

1757 3951 1964 4016 (ἀγάπῃ
1979 3953 2057 4016 τῇ,
2082 3952 2280 4019 κ.τ.λ.);
2299 3955 2798 4020 Vu1g.,“di1ect10ne
2820 3956 2927 4020 ω’»,

1769 4035 1858 4085 &c-
1897 4035 2118 4086 Domino
2139 4043 2302 4086 nostro
2323 4036 2367 4086 is
2388 4039 2743 4102 unsupported.

1842 4132 1917 4179 14.
1985 4117 2097 4166 bene
2139 4124 2304 4168 autem
2346 4117 2494 4178 dmt,
2540 4119 2652 4181 δια]
2713 4119 2832 4177 Th..
2871 4137 2928 4171 as

1769 4198 2089 4262 represented
2121 4199 2189 4264 by
2215 4215 2306 4249 our
2335 4201 2646 4262 translation,
2685 4203 2834 4253 omits
2873 4211 2928 4254 to

1765 4279 1940 4344 justify
1977 4280 2056 4330 his
2093 4282 2428 4346 approbation
2466 4283 2526 4333 of
2557 4283 2643 4334 the
2673 4285 2928 4350 Apostle’s

1767 4360 1944 4411 choice
1969 4361 2030 4411 of
2055 4377 2086 4410 a
2115 4365 2268 4414 word.
2355 4364 2510 4415 Thdt.
2551 4363 2695 4428 (aster
2728 4366 2928 4432 Chrys.)

1770 4443 1991 4508 supplies
2025 4444 2126 4495 this
2158 4445 2448 4512 deficiency,
2483 4447 2781 4513 illustrating
2815 4448 2927 4498 ὑπο-
