3250 5025
408 359 863 410 FRAGMENTS
908 360 1001 410 OF
1049 359 1201 408 THE
1248 357 1641 412 DOGMATIC
1689 357 1952 408 WORKS
1999 358 2092 408 OF
2139 358 2563 409 THEODORE.
2641 361 2768 424 309

346 533 597 612 ἀκριβῶς
650 534 1039 611 ἐπισταμένου,
1098 533 1190 593 καὶ
1245 530 1313 609 δὴ
1367 527 1511 609 πρός
1606 529 2020 607 operationem
2061 529 2429 590 habitatione
2471 549 2578 590 sua
2605 549 2768 607 prae-

346 631 452 710 τήν
484 633 686 692 τούτου
721 631 1043 708 βεβαίωσιν
1073 628 1301 706 πολλὴν
1338 627 1509 689 αὐτοῦ
1609 626 1805 687 stabat
1825 646 1936 704 pro
1958 625 2228 687 omnium
2256 637 2527 687 nostrum
2556 627 2762 687 salute.

346 730 694 810 παρέχοντος
738 733 812 809 τῇ
856 729 1032 810 οἰκεία
1079 727 1362 806 ἐνοικήσει
1403 728 1511 803 τήν
1608 725 1770 784 unde
1827 743 1940 786 nec
1995 722 2280 784 iniustum
2337 723 2498 784 dicat
2552 722 2768 801 aliquis

349 825 677 907 συνεργείαν
716 826 856 902 ὑπὲρ
905 825 1021 902 τῆς’
1053 823 1312 886 ἁπάντων
1352 823 1512 901 ἡμῶν
1606 840 1756 894 esse,
1807 821 1970 898 quod
2017 831 2248 898 praeter
2290 839 2502 881 omnes
2548 819 2770 898 praeci-

348 926 645 1001 σωτηρίας.
736 921 866 984 ὅθεν
920 920 1049 982 οὐδὲ
1100 919 1315 984 ἀδικίας
1362 919 1513 978 εἴποι
1606 938 1797 996 puum
1853 919 2077 996 aliquid
2123 920 2328 980 datum
2371 937 2502 979 esse
2541 917 2628 979 illi
2665 921 2770 980 ho-
2838 919 2871 980 5

346 1045 433 1084 τις
497 1021 565 1080 τό
631 1020 785 1098 παραὶ
852 1018 1067 1083 πάντας
1120 1016 1403 1095 ἐξαίρετόν
1455 1041 1513 1076 τι
1606 1015 1755 1076 mini
1783 1014 1886 1092 qui
1914 1037 1953 1078 a
1981 1016 2250 1077 Domino
2278 1017 2631 1094 adsumptus
2661 1028 2767 1080 est.

348 1119 754 1198 παρεσχῆσθαι
820 1124 899 1198 τῷ
964 1114 1075 1177 timi
1145 1121 1250 1175 τοῦ
1316 1114 1513 1192 κυρίου

349 1216 629 1293 ληφθέντι
656 1212 945 1295 ἀνθρώπῳ.

554 1399 607 1456 3.
696 1377 853 1460 [Act.
885 1380 1075 1441 Cone.
1112 1378 1230 1439 (ΞΡ.
1264 1374 1322 1437 ii.
1358 1394 1437 1436 ιν.
1476 1394 1545 1453 17
1581 1377 1645 1456 (“
1665 1373 1934 1437 eiusdem
1962 1372 2268 1438 Theodori
2296 1395 2369 1437 ex
2397 1375 2550 1436 libro

806 1493 1018 1559 quarto
1044 1480 1285 1542 decimo
1312 1481 1390 1541 de
1420 1479 1844 1541 Incarnatione
1863 1478 1940 1555 '’).
2025 1477 2157 1557 Vig.
2197 1476 2310 1560 18].

472 1599 550 1656 Et
578 1597 910 1657 secundum
938 1596 1089 1656 duas
1115 1593 1376 1656 rationes
1402 1595 1603 1655 locum
1633 1592 1909 1671 imaginis
1936 1591 2184 1654 obtinet.
2257 1591 2362 1670 qui
2383 1591 2543 1654 enim
2565 1604 2773 1654 amant

347 1695 662 1772 quosdam,
686 1704 822 1772 post
851 1705 1105 1754 mortem
1135 1711 1341 1752 eorum
1370 1691 1608 1768 saepius
1638 1689 1924 1768 imagines
1951 1702 2296 1765 statuenteS,
2326 1693 2446 1752 hoc
2473 1692 2772 1755 sufficiens
2803 1711 2876 1750 10

348 1791 555 1851 mortis
584 1789 863 1852 solatium
891 1789 1111 1849 habere
1149 1787 1539 1864 arbitrantur3
1580 1798 1643 1848 et
1684 1807 1822 1847 eum
1865 1787 1969 1866 qui
2010 1807 2136 1849 non
2176 1786 2416 1849 uidetur
2453 1809 2568 1850 nec
2609 1809 2772 1866 prae-

350 1908 488 1950 sens
516 1899 607 1949 est
635 1899 941 1964 tamquam
981 1887 1044 1947 in
1086 1886 1344 1964 imagine
1387 1885 1780 1963 suspicientes
1821 1897 2034 1963 putant
2077 1886 2298 1960 uidere,
2344 1886 2426 1948 ita
2465 1888 2769 1948 flammam

350 1986 630 2047 desiderii
670 1996 730 2046 et
766 1985 1033 2062 uigorem
1072 1985 1394 2061 placantes,
1480 1983 1589 2043 sed
1617 1981 1798 2043 etiam
1827 1982 1911 2043 illi
1949 1983 2050 2060 qui
2087 2003 2198 2061 per
2231 1984 2504 2046 ciuitates
2545 1986 2773 2047 habent

350 2081 778 2159 imperatorum
846 2079 1153 2158 imagineS,
1215 2090 1522 2156 tamquam
1592 2089 1938 2156 praesentes
2006 2091 2068 2141 et
2137 2080 2412 2142 uidentes
2480 2082 2773 2144 honorare

348 2178 629 2240 uidentur
672 2197 778 2239 eos
822 2177 926 2254 qui
970 2197 1093 2238 non
1140 2187 1281 2237 sunt
1322 2187 1682 2254 praesenteS‚
1723 2177 1884 2236 cultu
1929 2187 1992 2237 et
2032 2177 2381 2238 adoratione
2422 2176 2768 2258 imaginum.
2807 2203 2828 2241 1
2840 2199 2873 2259 5

349 2273 465 2334 ista
504 2287 709 2335 autem
753 2285 1003 2352 utraque
1044 2292 1150 2351 per
1192 2270 1361 2332 illum
1402 2271 1844 2349 adimplentur-3
1892 2290 2104 2333 omnes
2141 2272 2302 2333 enim
2347 2274 2448 2351 qui
2492 2294 2630 2335 cum
2669 2274 2774 2336 illo

350 2383 491 2434 sunt
520 2383 581 2432 et
609 2373 889 2432 uirtutem
920 2379 1249 2448 sequuntur
1274 2381 1335 2430 et
1364 2368 1704 2431 debitorum
1733 2371 1870 2431 Deo
1907 2373 2099 2448 parati
2140 2371 2489 2446 redditoreS,
2519 2372 2773 2452 diligunt

350 2489 487 2531 eum
517 2481 579 2532 et
606 2470 784 2531 ualde
812 2470 1127 2531 honorant.
1216 2478 1279 2530 et
1305 2467 1611 2529 caritatem
1641 2466 1884 2546 quidem
1913 2467 1986 2543 ei,
2017 2468 2222 2530 diuina
2249 2481 2462 2532 natura
2479 2467 2620 2532 licet
2648 2491 2772 2535 non

350 2566 729 2645 adspiciatur‚
753 2565 1086 2643 adimplent
1113 2564 1172 2624 in
1204 2565 1307 2625 illo
1336 2562 1439 2642 qui
1468 2567 1546 2626 ab
1576 2563 1857 2626 omnibus
1883 2564 2140 2640 uidetur,
2161 2565 2250 2626 sic
2271 2567 2555 2628 omnibus
2577 2567 2772 2629 existi·

350 2664 653 2724 mantibus
682 2674 748 2724 ut
772 2662 970 2740 ipsum
1001 2660 1343 2722 uidentibus
1371 2680 1479 2738 per
1506 2659 1672 2720 illum
1713 2671 1774 2722 et
1813 2660 1898 2721 illi
1941 2681 2180 2739 semper
2220 2664 2671 2740 praesentibus3
2712 2677 2773 2726 et
2803 2687 2878 2726 20

351 2760 642 2821 honorem
676 2778 821 2819 uero
856 2777 1097 2818 omnem
1134 2755 1220 2817 sic
1256 2756 1607 2817 adtribuunt
1649 2767 1955 2834 tamquam
1997 2756 2242 2837 imagini
2285 2758 2589 2836 imperiali,
2633 2778 2773 2820 cum

352 2857 523 2933 quasi
564 2856 629 2916 in
668 2855 803 2933 ipso
846 2855 920 2915 sit
961 2853 1167 2915 diuina
1208 2866 1420 2914 natura
1460 2865 1522 2914 et
1562 2854 1625 2913 in
1655 2853 1790 2930 ipso
1817 2865 2137 2932 spectetur.
2205 2855 2280 2917 ‚si
2310 2855 2470 2916 enim
2500 2868 2560 2917 et
2590 2856 2773 2917 Filius

352 2964 444 3014 est
471 2954 575 3031 qui
600 2952 931 3013 inhabitare
959 2951 1189 3025 dicitur,
1221 2952 1328 3011 sed
1356 2970 1497 3011 curn
1524 2971 1601 3012 eo
1631 2963 1722 3012 est
1750 2951 1929 3013 etiam
1971 2954 2164 3027 Pater,
2202 2966 2262 3013 et
2303 2952 2777 3031 inseparabiliter

354 3049 705 3111 omnimodo
734 3050 811 3110 ad
844 3048 1059 3109 Filium
1091 3068 1221 3109 esse
1247 3050 1325 3110 ab
1354 3047 1521 3109 omni
1550 3048 1807 3109 ereditur
1835 3060 2140 3125 creatura3
2181 3060 2242 3111 et
2283 3049 2532 3127 Spiritus
2572 3061 2775 3112 autem

355 3165 479 3207 non
524 3147 710 3219 abest,
760 3155 970 3222 utpote
1018 3144 1199 3204 etiam
1256 3144 1319 3203 in
1362 3145 1501 3204 loco
1548 3142 1850 3205 unctionis
1895 3146 2089 3206 factus
2138 3144 2210 3219 ei,
2259 3156 2319 3206 et
2365 3164 2504 3205 cum
2562 3165 2638 3207 eo
2685 3158 2777 3209 est
2808 3169 2878 3231 25

354 3262 589 3320 semper
614 3241 719 3319 qui
745 3242 1097 3318 adsumptus
1124 3251 1234 3300 est.
1318 3250 1380 3301 et
1406 3259 1531 3300 non
1560 3239 1899 3301 mirandum
1929 3251 2037 3314 est,
2067 3259 2206 3301 cum
2235 3239 2414 3302 etiam
2443 3242 2506 3301 in
2533 3241 2775 3318 quibus-

353 3340 501 3400 libet
528 3338 873 3399 hominibus
906 3338 1185 3398 uirtutem
1224 3336 1614 3415 sequentibus
1656 3357 1796 3398 cum
1840 3337 1993 3398 Filio
2035 3350 2095 3399 et
2137 3340 2315 3399 Pater
2353 3358 2484 3399 esse
2526 3339 2741 3399 dicitur
2755 3361 2774 3415 3

356 3441 642 3499 veniemus
668 3436 829 3497 enim
856 3445 914 3496 et
933 3456 1027 3513 ego
1051 3444 1109 3495 et
1131 3437 1329 3508 Pater,
1358 3442 1413 3495 et
1437 3435 1786 3495 mansionem
1813 3438 1978 3512 apud
1999 3438 2184 3513 ipsum
2195 3435 2544 3513 faciemus*.
2611 3438 2778 3513 quod

353 3549 554 3599 autem
610 3549 670 3599 et
727 3534 975 3614 Spiritus
1032 3533 1330 3597 eiusmodi
1382 3531 1697 3593 hominum
1751 3532 2162 3612 inseparabilis
2223 3545 2332 3610 est,
2389 3543 2618 3595 certum
2685 3546 2778 3597 est

355 3634 650 3696 omnibus·
1266 3654 1271 3657 ·
2803 3654 2883 3713 30

1395 3824 1577 3883 Boox
1620 3839 1722 3882 xv.

578 3960 625 4000 1.
716 3937 875 4021 [Fac.
910 3938 983 3997 ix.
1020 3957 1055 4014 3
1084 3940 1146 4018 (“
1164 3934 1374 4013 quinto
1403 3935 1644 3998 decimo
1670 3935 1983 3998 libro...de
2013 3938 2432 4001 Incarnatione
2452 3938 2561 4022 '’)].

478 4056 730 4130 Propter
770 4052 936 4129 quod
978 4062 1295 4127 utrumque
1336 4048 1490 4111 iuste
1532 4050 1688 4112 filius
1727 4062 1996 4125 uocatur,
2038 4069 2161 4113 una
2200 4053 2492 4115 existente
2519 4073 2777 4133 persona

354 4170 534 4229 quam
562 4148 851 4212 adunatio
878 4161 1221 4211 naturarum
1250 4148 1462 4211 effecit.

458 4295 515 4343 ¹3
548 4278 804 4329 ciuitatem
842 4279 893 4329 V
1114 4292 1174 4342 14
1207 4278 1455 4330 uidendos
1482 4280 1527 4330 C
1792 4292 1847 4344 17
1868 4280 1968 4331 Dei
1991 4280 2036 4332 C
2065 4281 2120 4330 V
2373 4296 2430 4347 19
2463 4272 2710 4350 adimplet
2735 4285 2783 4335 C

358 4373 415 4409 υ
452 4360 503 4409 in
527 4358 637 4425 (bes
644 4358 775 4427 ipso)
798 4375 877 4409 om
912 4360 961 4411 V
1148 4371 1209 4423 27
1246 4359 1393 4411 Patre
1428 4360 1479 4409 V
1667 4376 1731 4429 29
1763 4361 2049 4413 huiusmodi
2084 4363 2135 4412 V

1304 4452 1331 4477 ¹*
1368 4450 1423 4501 S.
1445 4452 1581 4517 John
1603 4452 1703 4503 xiv.
1731 4468 1812 4516 23.
