3250 5025
540 380 665 448 252
1207 380 1665 437 THEoDonus
1711 380 2298 437 MOPSUESTENUS
2579 366 2746 453 [111.·
2774 379 2960 451 3—5.

538 557 651 639 qui
697 555 1136 639 dignitatibus
1180 555 1525 621 sublimati
1570 556 1751 635 sint3
1821 555 2057 620 melius
2099 556 2276 619 enim
2322 563 2426 619 est
2465 564 2541 621 ut
2579 568 2734 621 cum
2775 553 2958 619 omni

526 660 761 724 studio
792 681 965 743 quae
996 661 1176 724 bona
1204 669 1360 724 sunt
1404 680 1585 743 agas»,
1629 661 1962 725 neminem
1993 659 2426 743 blasphemiis
2457 658 2748 743 pulsans,
2837 658 2960 721 sed

538 764 799 829 abstine
829 773 897 828 te
927 764 1015 828 ab
1046 764 1228 828 omni
1261 764 1706 837 contentione,
1741 765 1948 827 uitam
1981 772 2168 827 tuam
2203 784 2355 829 cum
2388 765 2571 827 omni
2605 762 2957 827 instituens

539 868 871 932 modestia
894 878 963 933 et
988 869 1512 947 mansuetudine,
1537 888 1742 951 quam
1776 868 2074 932 maxime
2105 877 2172 933 et
2204 889 2362 950 erga
2385 888 2618 932 omnes
2648 866 2958 931 homines

472 988 503 1056 5
539 971 889 1036 ostendere
927 980 997 1035 te
1042 972 1369 1047 conuenit,
1412 991 1544 1034 non
1590 969 1808 1036 solum
1849 991 2009 1054 erga
2055 970 2203 1034 illos
2248 972 2360 1055 qui
2408 972 2781 1055 principare
2809 972 2958 1037 aliis

540 1077 864 1152 uidentur,
895 1075 1016 1139 sed
1060 1097 1217 1159 erga
1258 1075 1407 1139 illos
1448 1076 1561 1158 qui
1604 1075 1670 1138 in
1703 1073 2116 1158 plebeiorum
2149 1084 2306 1140 sunt
2337 1074 2602 1141 ordine?
2694 1086 2762 1141 et
2793 1076 2953 1158 quia

538 1198 583 1243 a
633 1180 1039 1262 principibus
1092 1180 1412 1264 incipiens
1469 1180 1558 1244 ad
1606 1189 1862 1244 ceteros
1920 1199 2114 1243 suum
2168 1180 2387 1247 uertit.
2415 1200 2811 1255 sermonem,
2857 1178 2958 1242 in-

538 1280 1009 1366 str‘uensquod
1057 1284 1459 1348 conueniens
1495 1285 1582 1349 sit
1614 1294 1688 1349 ut
1733 1305 1891 1368 erga
1937 1304 2169 1349 omnes
2206 1283 2512 1349 homines
2555 1282 2956 1348 modestiam

538 1404 729 1448 suam
762 1388 1121 1451 ostendant
1150 1408 1166 1465 ;
1212 1390 1595 1453 obiciebant
1636 1409 1796 1453 uero
1834 1390 1894 1454 ei
1928 1389 2020 1452 illi
2059 1389 2477 1473 quorundam
2515 1389 2953 1471 impietatem,

433 1505 511 1553 10
537 1487 627 1550 ob
655 1509 858 1571 quam
904 1498 974 1554 et
1004 1510 1213 1573 usque
1251 1491 1337 1554 ad
1379 1511 1694 1574 praesens
1733 1490 1926 1556 multi
1963 1491 2262 1557 fidelium
2303 1492 2554 1556 bonum
2596 1490 2758 1575 quid
2799 1510 2948 1553 esse

538 1591 946 1671 existimant,
1000 1593 1055 1656 si
1104 1594 1423 1659 aduersus
1470 1593 1853 1659 huiusmodi
1913 1595 2038 1678 ipsi
2099 1594 2286 1659 litem
2347 1606 2722 1673 exerceant,
2782 1597 2956 1661 bene

536 1693 813 1760 adiecit:

666 1870 931 1913 eramus
988 1850 1161 1921 enim
1219 1860 1284 1915 et
1338 1871 1455 1915 nos
1510 1851 1866 1934 aliquando
1921 1852 2062 1916 sine
2120 1851 2450 1929 intellectu,
2509 1850 2947 1927 insuadibiles‚

536 1964 840 2031 errantes,
871 1956 1214 2021 sentientes
1236 1956 1747 2041 concupiscentiis
1773 1966 1836 2020 et
1863 1956 2296 2041 uoluptatibus
2324 1955 2554 2033 uariis,
2589 1956 2660 2020 in
2691 1953 2954 2019 malitia

435 2065 504 2132 15
536 2066 599 2120 et
628 2056 885 2122 inuidia
914 2060 1217 2144 degentes,
1248 2060 1526 2138 odibiles,
1557 2060 1836 2123 odientes
1865 2060 1936 2123 in
1967 2059 2259 2125 inuicem.

671 2186 759 2250 ‘si
810 2186 1077 2273 (inquit)
1125 2196 1397 2272 propter
1440 2188 1855 2271 impietatem
1903 2208 2057 2252 eum
2103 2186 2267 2259 odis,
2304 2207 2560 2250 memor
2602 2196 2746 2252 esto
2791 2209 2956 2271 quo-

538 2288 718 2352 niam
750 2290 1035 2354 antehac
1078 2291 1246 2357 tales
1286 2311 1550 2355 eramus
1590 2288 1858 2356 omnes!
1946 2290 2117 2354 bene
2161 2298 2388 2354 autern
2432 2291 2694 2368 adiecit,
2728 2293 2954 2358 dicens

537 2391 802 2456 odibiles
820 2416 853 2468 ,·
915 2392 1045 2457 hoc
1102 2402 1227 2474 est,
1290 2399 1307 2425 ‘
1326 2394 1510 2477 digni
1563 2414 1828 2458 eramus
1875 2394 2061 2467 odiri,
2108 2392 2226 2457 sed
2287 2413 2422 2456 non
2483 2395 2714 2479 utique
2771 2395 2955 2461 uole-

540 2496 780 2562 bamus
809 2497 1015 2564 odiri?

429 2670 514 2719 20
669 2663 815 2706 cum
866 2663 1016 2706 uero
1066 2641 1431 2724 benignitas
1476 2651 1540 2707 et
1578 2641 1960 2707 humanitas
1999 2643 2317 2727 adparuit
2355 2645 2709 2710 saluatoris
2747 2645 2962 2710 nostri

538 2746 684 2824 Dei,
716 2767 841 2809 non
870 2766 950 2809 ex
974 2744 1262 2829 operibus
1290 2744 1582 2810 iustitiae
1610 2767 1773 2828 quae
1800 2765 1915 2808 nos
1936 2746 2224 2828 fecimus
2249 2747 2369 2809 sed
2387 2748 2735 2812 secundum
2763 2769 2956 2812 suam

540 2849 1047 2915 misen‘cordiam
1085 2849 1383 2914 saluauit
1413 2870 1545 2926 nos,
1573 2862 1702 2934 per
1735 2850 1994 2914 lauacri
2031 2849 2566 2933 regenerationem
2595 2860 2660 2915 et
2687 2871 2956 2914 renoua-

639 3041 669 3090 3
703 3023 959 3077 abstinens
989 3027 1060 3076 Η
1077 3042 1110 3075 r
1332 3045 1365 3089 4
1396 3027 1727 3078 mansuedine
1748 3028 1818 3077 Η
2027 3025 2060 3078 6
2093 3027 2242 3094 plebe
2264 3041 2436 3078 eorum
2465 3027 2546 3076 C*
2569 3027 2638 3077 H
2648 3043 2681 3076 r
2927 3041 2953 3092 7

538 3106 790 3171 accipiens
812 3121 845 3155 r
1064 3123 1083 3158 ι
1098 3122 1118 3156 r
1156 3106 1525 3170 existimabant,
1552 3114 1839 3158 exercerent
1857 3107 1885 3156 Ι
1905 3107 1915 3172 1
1947 3107 2101 3173 ipsius
2120 3109 2190 3158 Η
2193 3123 2227 3158 r
2469 3123 2526 3172 ¹3
2560 3107 2869 3158 intellectum
2895 3109 2962 3158 H

544 3205 603 3250 14
625 3203 701 3253 sq.
724 3185 1278 3238 seruientes...inuicem
1299 3206 1378 3239 om
1400 3205 1434 3239 r
1649 3189 1708 3240 16
1741 3199 1946 3255 propter
1967 3206 2046 3240 om
2069 3193 2139 3242 Η
2349 3201 2406 3253 17
2429 3200 2580 3241 antea
2605 3190 2649 3240 C
2667 3206 2701 3239 r
2896 3191 2957 3238 18

536 3269 677 3320 odire
700 3269 769 3318 Η
953 3285 1017 3320 20
1048 3271 1249 3321 bonitas
1270 3271 1383 3336 (sor
1401 3269 1625 3336 benign.)
1651 3287 1682 3319 r
1705 3269 1716 3333 Ι
1745 3271 1908 3320 illuxit
1932 3273 2050 3338 (sor
2063 3271 2259 3338 adpar.)
2283 3287 2312 3320 r
2529 3287 2586 3323 αι
2625 3285 2728 3321 non
2747 3269 2958 3320 facimus

539 3351 655 3418 (sor
672 3367 765 3400 nos
785 3347 901 3416 fec.)
931 3351 975 3402 C
993 3353 1063 3403 Η
1246 3369 1307 3404 22
1342 3355 1596 3403 lauacrutn
1618 3353 2008 3417 regenerationis
2030 3369 2064 3402 r

609 3523 653 3560 1.
719 3509 1001 3572 sublimati]
1046 3509 1267 3571 Ronsch,
1295 3509 1451 3568 Itala,
1475 3527 1525 3576 p.
1549 3509 1658 3573 169.
1804 3510 1948 3569 112);
1993 3508 2233 3565 Clarom.,
2279 3508 2316 3534 “
2335 3505 2650 3556 incredibiles
2667 3503 2713 3563 ;”
2777 3505 2941 3566 Hier„

606 3607 655 3655 5.
710 3591 1011 3655 princioare
1027 3591 1166 3652 aliis]
1219 3589 1443 3651 Ronsch,
1466 3606 1518 3655 p.
1552 3589 1664 3640 168.
1799 3595 1832 3618 ‘³
1850 3589 2193 3640 inobedientes
2204 3587 2253 3647 ;”
2277 3589 2550 3645 Ambrstr.,
2576 3592 2608 3615 ‘⁴
2625 3587 2956 3652 inobsequen-

538 3671 652 3723 The
674 3673 837 3723 active
859 3688 1032 3722 occurs
1054 3671 1106 3721 in
1134 3671 1369 3722 Irenaeus
1394 3671 1571 3735 (ibid).
1799 3679 1874 3722 tes
1890 3670 2122 3736 ;'’Vulg.‚
2149 3672 2185 3696 ‘⁸
2201 3669 2495 3719 increduli.''
2523 3668 2959 3732 Concupiscentia,-

604 3771 653 3822 9.
722 3755 990 3806 obiciebant
1094 3754 1372 3817 exerceant]
1452 3754 1603 3805 Cited
1624 3755 1694 3819 by
1798 3755 1859 3804 O.
1868 3755 1928 3804 L.
1951 3754 2050 3804 and
2073 3754 2248 3818 Vuig.,
2287 3749 2652 3802 “desideriis’'
2713 3752 2958 3814 Degentes

542 3836 822 3896 Lanfranm
867 3851 951 3886 see
972 3851 1053 3885 vv,
1082 3836 1137 3885 n.
1797 3833 2116 3896 (διάγοντες);
2149 3835 2213 3885 Ο.
2223 3835 2284 3884 L.
2309 3834 2412 3883 and
2435 3834 2585 3898 Vulg.
2614 3837 2648 3862 ‘⁸
2667 3832 2930 3898 agentae.''

612 3935 687 3969 11.
752 3919 804 3968 si
821 3919 939 3967 adu.
974 3919 1267 3968 huiusmodi
1285 3919 1399 3982 ipsi,
1424 3916 1541 3982 &c.]
1593 3920 1631 3946 “
1647 3917 1701 3968 If
1864 3919 1942 3966 18.
2005 3917 2218 3974 odibiles,
2279 3915 2432 3977 odiri]
2505 3915 2727 3975 Rssnsch,
2795 3914 2950 3973 Itala,

540 4004 661 4067 only
682 4002 800 4066 they
821 4001 899 4050 for
920 4001 1051 4051 their
1072 3999 1237 4066 part,’'
1259 4001 1349 4050 &c-
1388 4001 1464 4051 Or
1484 4001 1694 4064 reading
1795 4011 1882 4060 pp.
1916 4011 1935 4044 π
1951 4012 2022 4059 13,
2048 3997 2156 4046 281.

542 4085 711 4150 nysius,
754 4082 849 4132 “is
872 4081 991 4147 they
1012 4089 1153 4132 enter
1180 4082 1268 4132 the
1294 4083 1403 4132 lists
1423 4081 1547 4131 with
1578 4097 1696 4131 men
1865 4094 1943 4128 υ.
1989 4077 2219 4126 saluauit
2239 4075 2348 4137 nos]
2373 4075 2522 4124 Latin
2537 4076 2774 4134 versionr»,
2809 4075 2958 4123 “sal-

541 4166 599 4217 of
615 4167 713 4215 this
734 4181 853 4228 very
876 4161 1059 4213 elass.”
1797 4178 1888 4210 uos
1913 4177 2004 4210 nos
2026 4158 2192 4210 fecit-’³
2217 4161 2317 4209 Per
2326 4159 2527 4208 lauacri
2541 4158 2950 4222 regenerationem

610 4260 687 4308 13.
752 4245 862 4294 sine
919 4244 1186 4306 intellectu]
1240 4241 1452 4303 ἀνόητοι.
1542 4243 1693 4293 Latin
1796 4244 1839 4293 is
1882 4259 1914 4292 a
1958 4243 2176 4308 perhaps
2219 4243 2406 4306 unique
2460 4241 2728 4305 rendering
2771 4240 2830 4288 of
2876 4241 2957 4289 διὰ

538 4323 779 4382 versions,
817 4320 1055 4381 “stulti,”
1106 4318 1480 4381 “inconsulti,”
1527 4327 1559 4350 “
1576 4321 1693 4372 insi-
1795 4319 1998 4385 λουτροῦ
2040 4323 2444 4382 παλιγγενεσίας.
2513 4321 2610 4369 But
2651 4320 2736 4370 the
2781 4319 2956 4368 transi·

541 4399 789 4466 pientes?
871 4402 953 4452 ef.
1005 4413 1067 4451 11.
1116 4418 1167 4466 p.
1226 4405 1335 4459 180,
1380 4403 1416 4450 1.
1461 4398 1510 4459 6,
1554 4410 1692 4452 note.
1794 4406 1901 4456 tion
1926 4404 2052 4455 from
2081 4406 2214 4470 “per
2243 4405 2496 4454 lauacrum
2523 4402 2956 4467 regenerationis”

538 4482 873 4533 Insuadibiles
904 4479 1148 4546 (ἀπειθεῖς,
1196 4483 1419 4542 Ronsch,
1447 4483 1598 4545 Itala,
1640 4498 1691 4550 p.
1795 4495 1848 4537 to
1899 4493 1998 4552 per
2049 4487 2250 4536 lauacri
2301 4485 2715 4549 regenerationem
2769 4483 2814 4535 is
2863 4490 2955 4534 not
