3250 5025
517 339 600 400 62
1187 352 1645 437 THEoponus
1692 350 2277 404 MOPSUESTENUS
2519 337 2675 421 [111.
2710 337 2941 400 8-10,

653 534 721 589 et
753 524 1071 609 quoniam
1105 524 1232 589 ista
1263 524 1482 589 adhuc
1513 546 1647 589 non
1679 534 1870 590 erant
1902 544 2164 609 magna,
2196 524 2400 589 adicit
2432 548 2447 588 ε

647 703 842 766 neque
859 683 1084 767 gratis
1096 696 1338 768 panem
1371 684 1918 749 manducauimus
1946 682 2128 767 apud
2148 683 2447 765 aliquem.

648 813 717 868 et
748 804 927 887 quod
960 804 1064 867 his
1096 804 1309 867 maius
1341 813 1444 868 est
1476 829 1488 868 :

449 969 482 1037 5
643 954 763 1019 sed
785 956 854 1019 in
884 956 1094 1021 labore
1121 966 1186 1020 et
1210 957 1598 1022 lassitudme
1624 968 1799 1022 nocte
1825 966 1892 1022 et
1926 956 2032 1021 die
2066 965 2406 1041 operantes,
2437 964 2517 1020 ut
2540 973 2669 1019 non
2686 972 2937 1039 graua-

517 1080 732 1124 remus
758 1082 1143 1145 quemquam
1175 1074 1480 1127 uestrum.

645 1190 716 1245 et
745 1182 928 1265 quod
961 1181 1175 1246 maius
1206 1180 1445 1247 extolli
1477 1189 1720 1265 potest,
1752 1180 1958 1246 adicit
1985 1202 2001 1245 ε

645 1356 770 1399 non
817 1338 976 1420 quia
1025 1359 1152 1401 non
1195 1338 1502 1403 habemus
1536 1348 1933 1423 potestatem,
1972 1337 2092 1402 sed
2122 1346 2201 1401 ut
2236 1357 2352 1401 nos
2372 1336 2678 1421 formam
2716 1334 2938 1399 demus

513 1438 711 1517 uobis,
744 1448 821 1502 ut
849 1440 1217 1506 imitemini.

411 1581 490 1629 10
648 1568 751 1624 ‘et
804 1558 1075 1643 quidem
1147 1558 1340 1623 nobis
1401 1558 1557 1623 licet
1617 1559 1934 1641 accipere,
1991 1579 2074 1623 eo
2126 1560 2307 1643 quod
2354 1582 2515 1645 erga
2559 1562 2935 1627 doctrinam

512 1684 754 1728 uacare
807 1664 1114 1726 uidemur
1137 1684 1154 1743 ;
1221 1664 1340 1727 sed
1396 1664 1750 1740 noluimuS‚
1806 1672 1881 1728 ut
1938 1664 2087 1748 ipso
2140 1684 2343 1747 opere
2394 1685 2516 1728 uos
2574 1666 2935 1730 doceamus

423 1836 428 1843 ,
513 1767 1083 1851 quemadmodum
1137 1768 1450 1831 conuenit
1510 1765 1765 1832 facere?
1854 1776 1922 1831 et
1980 1768 2341 1833 ostendens
2402 1769 2719 1852 quoniam
2774 1766 2935 1831 talia

513 1890 721 1956 agens
751 1873 929 1956 apud
963 1871 1113 1936 illos
1136 1872 1515 1955 permansit,
1544 1870 1951 1936 memoratur
1981 1872 2219 1936 iterum
2252 1873 2679 1937 traditionem
2711 1890 2932 1937 suam:

645 2050 801 2093 nam
847 2040 912 2093 et
951 2050 1096 2093 cum
1137 2050 1398 2093 eramus
1447 2028 1631 2113 apud
1666 2050 1795 2106 uos,
1827 2028 1940 2093 hoc
1966 2030 2513 2112 praedicabamus
2555 2029 2752 2107 uobis,
2782 2046 2935 2112 quo-

408 2148 481 2216 15
514 2134 698 2199 niam
734 2138 748 2165 ‘
770 2134 891 2216 qui
915 2154 1040 2197 non
1071 2135 1222 2198 uult
1247 2120 1512 2217 operari,
1545 2156 1741 2217 neque
1770 2134 2144 2201 manducet!

647 2260 664 2287 ‘
685 2253 850 2319 haec
880 2263 947 2319 et
977 2264 1360 2337 praesentes
1393 2255 1799 2331 dicebamus,
1834 2256 2015 2339 quod
2059 2257 2228 2340 pigri
2270 2276 2488 2340 neque
2531 2254 2935 2320 manducare

514 2360 648 2425 sint
705 2360 924 2443 digni.'
1039 2380 1172 2423 non
1231 2361 1631 2444 generaliter
1690 2361 1817 2425 hoc
1883 2360 2129 2438 dicenS,
2192 2362 2374 2445 quod
2436 2361 2564 2436 ille,
2626 2359 2736 2441 qui
2800 2377 2932 2420 non

514 2472 840 2549 operatur,
895 2476 1030 2529 non
1083 2464 1285 2530 debet
1337 2466 1782 2545 manducare3
1847 2464 2113 2530 uidetur
2159 2466 2337 2531 enim
2385 2466 2527 2550 ipse
2574 2461 2935 2529 Corinthiis

514 2569 808 2634 scribens
840 2569 1042 2653 longa
1085 2571 1554 2653 prosecutione
1599 2571 1665 2635 id
1711 2570 2103 2654 explicasse,
2134 2573 2451 2655 quoniam
2496 2571 2624 2635 illis
2654 2569 2937 2633 debetur

403 2694 489 2744 20
515 2673 630 2756 qui
690 2672 1033 2737 doctrinae
1093 2682 1357 2748 uacant,
1421 2683 1496 2738 ut
1554 2694 1597 2737 a
1656 2673 1999 2757 discipulis
2060 2674 2503 2757 corporalium
2564 2673 2933 2757 percipiant

516 2777 974 2842 ministerium.
1061 2779 1181 2842 sed
1225 2778 1415 2842 illum
1463 2778 1624 2841 dicit
1660 2797 1795 2842 non
1838 2799 1983 2843 esse
2024 2781 2418 2864 operarium,
2448 2779 2563 2862 qui
2602 2798 2818 2862 neque
2848 2779 2934 2843 de

517 2881 898 2945 melioribus
948 2882 1272 2945 sollicitus
1321 2889 1440 2957 est,
1489 2903 1707 2965 neque
1756 2884 2100 2967 corporale
2160 2883 2409 2967 aliquid
2460 2882 2607 2946 uult
2659 2881 2934 2966 operari,

400 3064 415 3078 ἱ
513 2985 768 3048 otiosus
813 3005 971 3048 uero
1016 2984 1314 3048 existens
1356 2983 1637 3048 aliorum
1684 2985 1893 3049 uitam
1944 2988 2200 3051 curiose
2251 2987 2558 3064 discutit;
2601 2986 2688 3049 de
2732 2983 2934 3048 indis-

513 3091 847 3176 ciplinatis
871 3088 1118 3153 etenim
1149 3087 1244 3151 illi
1275 3095 1378 3152 est
1407 3108 1648 3151 serm0.

617 3271 644 3304 2
679 3254 812 3304 enim
837 3252 936 3317 (afl
953 3251 1136 3315 neque)
1157 3249 1264 3299 add
1279 3265 1312 3298 r

523 3354 581 3400 14
613 3335 1022 3402 praedicebamus
1050 3334 1094 3384 C

519 3434 577 3468 22
612 3432 818 3482 operare
839 3417 901 3466 H

585 3575 631 3625 5.
701 3559 1015 3622 lassitudine]
1104 3559 1170 3609 Ο.
1217 3559 1280 3607 L.
1335 3558 1437 3609 and
1492 3558 1668 3623 Vulg.‚

519 3640 922 3708 “fatigatione'’
988 3641 1069 3692 Cf.
1095 3653 1158 3690 11.
1183 3657 1232 3706 p.
1263 3656 1338 3698 η,
1362 3640 1398 3689 1.
1425 3659 1473 3702 4,
1497 3647 1632 3690 note.

583 3727 633 3775 8.
700 3740 802 3774 non
835 3723 977 3788 quia]
1021 3724 1112 3783 οὐχ
1145 3724 1236 3771 ὅτι.
1307 3724 1376 3773 So
1399 3720 1666 3781 Ambrstr.,

519 3809 678 3872 Aug.;
733 3806 905 3870 Vulg„
951 3807 1104 3853 “non
1157 3803 1298 3870 quasi
1321 3802 1349 3826 ’'
1407 3801 1518 3865 (οὐχ
1573 3804 1671 3868 ὡς).

517 3892 771 3941 Habemus
777 3905 801 3950 ;
836 3889 922 3939 the
955 3887 1104 3936 Latin
1135 3887 1353 3936 versions
1387 3885 1516 3936 have
1544 3885 1676 3934 “ha-

515 3972 805 4034 beremus,”
859 3987 917 4021 or
971 3973 1007 3998 ‘⁴
1023 3970 1342 4020 habuerimus
1361 3967 1411 4030 ;”
1463 3985 1534 4019 on
1588 3969 1676 4019 the

517 4055 663 4107 other
683 4054 818 4104 hand
843 4053 960 4116 they
982 4067 1064 4101 are
1101 4066 1239 4100 more
1273 4057 1419 4101 exact
1451 4049 1504 4100 in
1544 4050 1676 4100 their

517 4136 785 4198 rendering
827 4133 886 4183 of
925 4133 1121 4182 ἑαυτοὺς
1220 4133 1286 4181 εἰς
1326 4133 1384 4182 τὸ
1426 4133 1675 4191 μιμεῖσθαι

517 4217 643 4277 ἡμᾶς
688 4215 743 4280 (“
761 4213 1222 4277 nosmetipsos...ad
1269 4211 1540 4261 imitandos
1586 4210 1677 4273 [ad

516 4297 830 4352 imitandum,
853 4294 1059 4356 imitari]
1081 4311 1174 4344 nos
1189 4294 1258 4358 ”).

589 4395 662 4431 ιο.
717 4393 832 4442 οςςνα
853 4376 1126 4426 doctrinam
1155 4373 1676 4435 uacare1==doctrinae

513 4477 563 4510 u.
591 4459 643 4526 (l.
671 4475 748 4520 ιο,
777 4455 955 4523 infra).
1024 4455 1103 4506 Cf.
1130 4467 1167 4506 1.
1189 4469 1242 4519 p.
1268 4467 1314 4513 α,
1339 4454 1371 4503 1.
1399 4467 1478 4517 23.

1473 3252 1504 3301 8
1535 3249 1855 3300 habuerimus
1874 3234 1910 3300 e·
1932 3249 1943 3314 Ι
1974 3251 2205 3300 daremus
2228 3266 2261 3299 r

1223 3349 1287 3383 πο
1319 3333 1568 3398 accipiant
1587 3331 1703 3398 (sor
1722 3335 1880 3398 perc.)
1898 3333 1969 3384 H

1115 3428 1175 3478 23
1211 3423 1386 3464 extans
1409 3413 1522 3480 (fhr
1541 3414 1709 3476 exist.)
1736 3415 1782 3464 C
1798 3432 1832 3465 r

1740 3087 1920 3170 quod
1955 3096 2023 3152 et
2054 3089 2345 3173 apertius
2379 3088 2695 3164 indicanS,
2728 3086 2890 3150 dicit
2920 3107 2934 3150 :

2427 3266 2478 3300 11
2516 3266 2611 3301 nos
2636 3251 2883 3316 (seruos)
2906 3267 2938 3298 r

2088 3350 2147 3384 αι
2185 3333 2473 3398 mysterium
2496 3333 2609 3398 (for
2628 3334 2837 3395 minist.)
2862 3332 2933 3383 C*

2050 3431 2112 3474 24
2134 3423 2185 3465 et
2209 3414 2317 3480 (bes
2326 3417 2504 3480 apert.)
2527 3431 2607 3464 om
2628 3431 2662 3464 r

1847 3570 1924 3619 13.
1988 3563 2291 3605 memoratur
2342 3555 2522 3605 iter-mn
2581 3555 2713 3605 trad.
2766 3554 2935 3616 suam]

1780 3637 1877 3688 See
1908 3638 2072 3687 above
2093 3653 2161 3687 on
2182 3652 2227 3686 c.
2252 3649 2316 3686 11.
2344 3649 2420 3699 15.
2494 3637 2599 3686 For
2628 3643 2937 3686 memoratur

1782 3720 1940 3784 (dep.)
1968 3740 2015 3762 =
2041 3717 2271 3780 εμνήσοη.
2304 3733 2388 3769 see
2424 3719 2644 3779 Ronsclu
2682 3719 2838 3780 stata,
2878 3735 2930 3784 p.

1846 3901 1923 3949 14.
1980 3883 2407 3950 praediazbamus]
2430 3903 2475 3926 =
2502 3886 2931 3949 παρηγγέλλομεν.

1776 3966 1839 4017 In
1872 3983 2025 4032 every
2058 3967 2203 4017 other
2244 3967 2467 4016 instance
2504 3975 2682 4034 except
2734 3984 2753 4018 1
2798 3968 2932 4018 Tim.

1774 4049 1809 4098 i.
1840 4062 1868 4111 3
1896 4046 1992 4112 (ἵνα
2012 4047 2366 4112 παραγγείλῃς,
2398 4055 2458 4096 ut
2486 4047 2819 4108 denuntr'ares)
2842 4064 2933 4097 our

1774 4131 2042 4182 translator
2070 4131 2273 4180 renders
2301 4132 2673 4192 παραγγέλλειν
2705 4131 2773 4194 by
2784 4138 2932 4195 prae-

1773 4214 1944 4276 cipere,
1988 4212 2155 4262 which
2200 4210 2330 4261 finds
2366 4212 2511 4277 place
2555 4211 2607 4261 in
2642 4212 2728 4261 the
2767 4213 2833 4264 0.
2869 4214 2931 4262 L.

1774 4291 1911 4342 here.
1947 4293 2051 4355 Qui
2071 4289 2252 4356 (etv-ask
2289 4292 2357 4343 Ο.
2382 4292 2442 4340 L.
2467 4291 2571 4341 and
2600 4291 2769 4358 Vulg„
2792 4308 2933 4343 more

1776 4372 1988 4438 exactly,
2026 4371 2118 4422 “si
2136 4371 2301 4436 quis.'’

1850 4455 1925 4504 18.
1994 4453 2093 4516 ipse
2110 4453 2387 4504 Corinthiis
2407 4453 2641 4516 scribens]
2677 4469 2698 4503 ι
2727 4453 2844 4504 Cor.
2862 4453 2931 4504 ix.
