3250 5025
264 406 320 470 I.
365 425 455 483 ιι,
500 406 619 489 12.]

799 418 883 469 IN
933 419 1036 469 ΕΡ.
1083 418 1186 469 ΑΙ)
1233 418 1984 471 THESSALONICENSES
2029 419 2105 469 11.
2602 414 2688 479 47

259 598 330 652 et
358 588 713 673 mirificari
740 588 809 651 in
854 587 1150 652 omnibus
1190 588 1309 671 qui
1341 588 1767 666 crediderunt,
1802 598 1876 653 ut
1916 589 2002 654 sit
2032 589 2099 652 in
2140 587 2362 651 medio
2397 584 2691 669 positum

262 692 576 781 quoniam
623 689 938 756 creditum
978 700 1074 755 est
1111 693 1522 775 euangelium
1555 702 1851 757 nostrum
1888 693 1959 757 in
1999 692 2197 770 uobis,
2232 690 2409 775 et[si]
2462 709 2693 754 secun-

266 794 437 863 dum
497 813 768 857 sensum
828 794 1267 858 nouissimum
1328 796 1542 859 iacere
1601 797 1924 859 uideatur.

268 896 592 977 quoniam
616 903 631 928 ‘
652 897 1019 960 secundum
1043 895 1234 958 illurn
1261 897 1437 960 diem
1469 897 1797 980 gloriosus
1830 907 1898 962 et
1922 898 2244 961 mirabilis
2268 895 2601 960 uidebitur
2625 894 2693 957 in

269 996 378 1059 his
409 1000 524 1080 qui
556 999 682 1062 sibi
713 999 1152 1075 crediderunt,
1185 1018 1305 1081 per
1335 999 1448 1063 illa
1484 1002 1664 1064 bona
1694 1022 1867 1083 quae
1904 1021 2063 1082 erga
2093 999 2239 1063 illos
2276 998 2489 1072 faciet,
2523 1016 2695 1081 quae

273 1101 481 1164 etiarn
507 1111 575 1164 et
599 1122 720 1165 uos
745 1102 902 1166 estis
934 1101 1212 1177 fruituri,
1237 1121 1317 1165 eo
1341 1102 1522 1185 quod
1547 1103 1920 1179 doctrinam
1946 1110 2244 1165 nostram
2267 1095 2693 1183 recepistis*

272 1204 370 1265 sic
399 1224 519 1286 per
548 1206 773 1269 omnia
805 1206 1168 1270 adhortans
1199 1205 1607 1269 reuelatione
1638 1228 1867 1270 eorum
1914 1227 2086 1290 quae
2124 1214 2583 1289 expectantur,
2615 1224 2695 1267 eo

273 1305 461 1387 quod
491 1306 882 1395 aduersariis
913 1327 1159 1391 magna
1203 1308 1564 1372 inferentur
1605 1318 1954 1385 tormenta,
1989 1319 2056 1374 et
2086 1308 2267 1392 quod
2299 1326 2695 1391 magnorum

274 1412 606 1476 bonorum
638 1411 1018 1476 fruitionem
1050 1422 1414 1495 expectent
1443 1414 1659 1495 potire
1691 1414 2054 1492 credenteS‚
2088 1414 2293 1479 adicit
2319 1439 2333 1477 :

412 1587 484 1651 in
534 1586 710 1670 quod
742 1596 806 1650 et
847 1607 954 1650 oro
994 1597 1238 1668 semper
1263 1598 1388 1669 pro
1431 1585 1629 1664 uobis,
1660 1598 1738 1651 ut
1778 1610 1893 1651 uos
1934 1587 2167 1671 dzgnos
2208 1586 2533 1651 uocatione
2574 1607 2697 1650 sua
2734 1603 2812 1650 10

277 1692 464 1754 Deus
509 1690 754 1765 habeat,
795 1700 858 1752 et
909 1688 1172 1771 impleat
1201 1709 1385 1751 omne
1416 1689 1737 1771 placitum
1783 1690 2091 1754 bonitatis
2130 1699 2197 1753 et
2234 1701 2389 1771 opus
2411 1688 2587 1773 fidei
2628 1687 2699 1751 in

277 1794 526 1858 uirtute
541 1816 571 1868 ,·
634 1803 713 1856 ut
756 1792 1164 1876 glorzficetur
1203 1813 1428 1855 nomen
1471 1792 1729 1856 domini
1768 1793 1980 1856 nostri
2021 1793 2089 1856 in
2136 1792 2318 1858 uobis
2358 1802 2423 1858 et
2461 1814 2577 1859 uos
2628 1792 2698 1856 in

280 1896 429 1978 ῥύεο,
459 1894 804 1960 secundum
821 1894 1124 1977 gratiam
1153 1894 1294 1958 Dei
1313 1894 1524 1959 nostri
1547 1905 1611 1959 et
1636 1894 1892 1959 domini
1916 1894 2065 1958 Iesu
2103 1893 2364 1960 Christi.

339 2032 346 2037 ’
415 2037 432 2066 ‘
454 2054 575 2117 pro
605 2033 708 2096 his
739 2054 911 2115 quae
954 2032 1118 2097 talia
1157 2042 1314 2097 sunt
1349 2053 1851 2116 perseueramus
1896 2054 2017 2117 pro
2054 2032 2246 2097 uobis
2290 2041 2573 2109 oranteS,
2608 2031 2702 2095 ita
2792 2084 2795 2088 .

275 2148 350 2202 ut
398 2138 639 2221 dignos
686 2157 806 2200 uos
855 2136 1182 2201 bonorum
1232 2137 1497 2201 illorum
1547 2137 1866 2204 exhibeat
1920 2139 2123 2218 DeuS‚
2174 2140 2242 2203 in
2294 2160 2577 2222 quorum
2629 2150 2701 2206 et
2738 2152 2810 2219 15

284 2347 655 2436 nncreicqtcm
704 2340 1073 2409 ἀποδοτέον·
1126 2341 1230 2409 ἵνα
1272 2342 1316 2428 ᾗ
1363 2340 1470 2409 διὰ
1513 2340 1724 2425 μέσον
1766 2341 2063 2425 κείμενον
2114 2340 2189 2405 τὸ
2235 2342 2325 2405 ὅτι
2380 2341 2703 2416 ἐπιοτεΫθΗ

283 2448 356 2513 τό
416 2450 739 2534 napi-{pion
806 2448 992 2512 ιὶΜῶΝ
1055 2446 1152 2524 ἐφ’
1207 2448 1378 2523 {mse
1429 2447 1801 2510 τελευταῖον
1854 2443 1926 2509 ὃν
1970 2446 2053 2529 τῇ
2100 2444 2211 2524 τῆς
2265 2440 2505 2512 ἐννοίας
2553 2440 2704 2507 ἀκο-

282 2550 538 2642 λουθίᾳ.
629 2546 951 2628 βούλεται
979 2549 1107 2635 γὰρ
1141 2547 1342 2614 εἰπεῖν
1373 2544 1473 2614 ὅτι.
1503 2555 1518 2581 ‘
1537 2546 1682 2612 κατ’
1716 2546 1963 2627 ἐκείνην
1991 2545 2111 2626 τὴν
2139 2543 2383 2632 ἡμέραν
2412 2543 2707 2628 ἐπίδοξος

284 2650 394 2716 καὶ
455 2647 826 2730 θαυμαστὸς
884 2649 953 2714 ἐν
1009 2653 1144 2718 τοῖς
1202 2647 1726 2714 πεπιστευκόσιν
1784 2645 2155 2734 φανήσεται
2208 2642 2315 2710 διὰ
2368 2647 2499 2710 τῶν
2555 2645 2707 2731 περὶ

287 2753 498 2822 αὐτῶν
527 2752 811 2837 ἅνγαθῶν·
857 2751 943 2817 ὧν
973 2751 1051 2836 δὴ
1083 2751 1192 2817 καὶ
1234 2751 1414 2833 ὑμεῖς
1462 2750 1902 2827 ἀπελαύσατε,
1948 2747 2067 2815 ἅτε
2110 2747 2185 2831 δὴ
2232 2747 2353 2830 τὴν
2399 2747 2706 2814 διδασκα-
2736 2762 2821 2809 20

286 2856 442 2924 λίαν
468 2855 653 2939 ἡμῶν
681 2855 1238 2942 παραδεξάμενοι)

391 3063 417 3097 a
453 3047 494 3097 si
517 3063 594 3096 om
625 3046 781 3096 CHr
974 3064 1006 3107 4
1039 3046 1278 3110 quoniam
1297 3061 1375 3094 om
1399 3062 1430 3095 r

291 3145 321 3196 9
353 3129 504 3194 potiri
533 3129 578 3178 C
597 3127 743 3193 (corr)
770 3144 803 3176 r
1022 3144 1082 3177 10
1113 3128 1166 3176 in
1189 3143 1290 3193 quo
1308 3143 1340 3176 r

291 3211 379 3261 illo
403 3211 502 3274 (ast
522 3210 727 3270 Christi)
751 3209 856 3258 add
877 3209 920 3259 C
932 3209 1000 3258 H
1003 3222 1060 3259 r:
1095 3225 1164 3258 see
1183 3217 1294 3259 note

292 3375 347 3410 as
382 3359 426 3408 if
445 3358 485 3407 it
514 3359 614 3408 had
646 3359 774 3407 been
807 3373 838 3406 a
868 3357 1047 3408 future.
1116 3358 1256 3407 Thus
1284 3357 1438 3408 Dam.

295 3457 429 3504 says:
463 3440 498 3498 ἡ
535 3435 744 3498 ἀλήθεια
779 3437 971 3499 (φησὶν)
1011 3433 1135 3498 αὕτη
1176 3437 1242 3498 ἤν
1269 3456 1449 3498 μαρτν-

293 3521 463 3583 ροῦμεν
485 3521 578 3582 νῦν,
609 3514 676 3580 τῇ
703 3519 867 3567 πίστει
901 3515 1028 3577 ὑμῶν
1050 3519 1130 3566 καὶ
1161 3515 1378 3580 ὑπομονῇ
1399 3521 1450 3568 ἐν

295 3606 452 3664 ἐκείνῃ
472 3602 541 3666 τῆ
561 3601 716 3664 ἡμέρᾳ
753 3618 930 3651 πιστε
947 3601 1245 3660 υθήσεται.
1289 3601 1412 3650 Oec.
1437 3618 1450 3650 ε

294 3687 345 3734 ἐν
364 3685 463 3746 ’γὰρ
482 3679 550 3744 τῇ
571 3683 686 3732 τότε
706 3682 860 3744 ἡμέρᾳ
885 3683 1205 3740 γενήσεται
1243 3681 1452 3743 φανερὸν

293 3769 367 3816 ὅτι
384 3764 720 3816 ἐπιστεύσατε.
760 3764 872 3814 The
891 3763 1039 3814 Pesh.
1054 3763 1155 3812 had
1173 3771 1248 3813 set
1267 3763 1351 3812 the
1369 3779 1451 3813 ex-

293 3879 462 3945 ample
488 3859 932 3961 (ujffiamno
982 3856 1447 3968 ρυωὸπόιπ).

362 4010 410 4061 6.
467 4013 578 4060 estis
592 4011 846 4075 fim‘tun']
891 4014 987 4062 See
1021 4011 1122 4060 Gk.
1169 4011 1277 4061 Our
1299 4017 1453 4059 trans·

294 4095 425 4144 lator
467 4094 627 4144 either
669 4094 788 4143 read
835 4091 1158 4154 ἀπολαύσετε,
1209 4109 1266 4163 or
1307 4092 1456 4142 made

295 4178 431 4227 what
464 4177 530 4227 he
561 4177 833 4228 conceived
856 4184 909 4227 to
931 4179 994 4227 be
1015 4193 1046 4227 a
1069 4193 1328 4239 necessary
1350 4192 1454 4226 cor-

296 4261 502 4310 rection.
572 4259 683 4308 The
723 4275 826 4309 aor.
863 4258 904 4308 is
936 4258 1169 4307 however
1201 4257 1338 4321 quite
1370 4257 1456 4306 de-

297 4341 506 4392 sensible
527 4342 654 4391 from
679 4340 819 4390 Th.’s
840 4339 982 4405 point
1006 4328 1066 4388 of
1091 4338 1251 4397 view3
1285 4355 1369 4389 see
1391 4355 1459 4388 on

299 4426 416 4476 Gal.
442 4442 487 4475 v.
518 4440 599 4486 24.

373 4523 446 4558 ιο.
515 4508 572 4556 in
604 4507 739 4571 quod
769 4513 816 4555 et
847 4503 950 4566 oro]
985 4507 1051 4555 εἰς
1086 4502 1114 4554 ὃ
1144 4506 1222 4553 καὶ
1257 4520 1458 4564 προσευ-

1626 3055 1654 3106 5
1690 3059 1776 3093 eos
1801 3043 1917 3106 (fhr
1935 3043 2070 3103 illos)
2095 3059 2126 3091 r

1558 3140 1612 3175 11
1652 3141 1855 3175 omnem
1878 3125 1945 3174 H

2319 3042 2352 3092 6
2384 3042 2668 3108 suscepistis
2688 3041 2715 3092 l

2145 3139 2203 3187 13
2228 3124 2281 3173 in
2302 3124 2448 3174 uobis
2470 3131 2519 3174 et
2543 3139 2634 3174 uos
2656 3125 2708 3173 in

1551 3357 1757 3419 χόμεθα.
1809 3357 1871 3408 Ο.
1905 3358 1965 3407 L.
1992 3357 2093 3408 and
2118 3357 2267 3422 Vulg.
2304 3359 2341 3384 ‘⁸
2356 3359 2408 3409 in
2430 3375 2531 3424 quo
2554 3361 2707 3411 etiam

1551 3439 1802 3490 oramus.'’
1881 3441 1993 3489 The
2042 3440 2263 3502 singular
2314 3439 2356 3488 is
2406 3440 2705 3491 abandoned

1551 3523 1604 3570 in
1646 3521 1731 3570 the
1774 3528 2116 3584 commentary
2130 3537 2146 3580 ;
2191 3535 2273 3569 see
2311 3519 2493 3580 below,
2540 3521 2571 3570 1.
2626 3536 2699 3584 ¹4·

1552 3604 1748 3666 Dignos
1794 3603 1981 3662 habeat,
2020 3601 2285 3666 placitum,
2324 3615 2381 3650 so
2428 3602 2676 3652 Ambrstr.
2690 3619 2705 3660 ;

1555 3688 1618 3737 O.
1639 3687 1699 3736 L.
1723 3685 1992 3750 generally,
2022 3685 2123 3733 and
2151 3684 2323 3748 Vulg.,
2370 3685 2405 3710 “
2422 3683 2707 3748 dignetur,”

1560 3763 1971 3816 “uoluntatem-’³
2038 3764 2139 3812 For
2186 3764 2374 3812 εὐδοκία
2415 3778 2508 3813 our
2550 3769 2707 3813 trans·

1555 3849 1685 3897 lator
1730 3845 1924 3910 usually
1976 3845 2144 3894 writes
2197 3845 2378 3894 bonum
2430 3845 2707 3910 placitum3

1557 3945 1641 3980 see
1666 3931 1797 3995 Eph.
1827 3931 1859 3979 i.
1889 3945 1936 3992 5,
1960 3947 2007 3998 9,
2029 3931 2159 3979 Phil.
2194 3930 2229 3979 i.
2251 3944 2326 3994 15,
2352 3931 2401 3981 ii.
2436 3944 2493 3991 13
2531 3929 2705 3995 (note).

1556 4013 1626 4060 In
1657 4011 1794 4060 uobis
1816 4017 1863 4059 et
1890 4027 1976 4060 uos
2010 4013 2069 4059 in
2099 4012 2186 4062 illo
2222 4011 2317 4072 (vv.
2346 4012 2422 4072 ll.)
2446 4011 2489 4061 is
2523 4012 2709 4077 simply

1558 4107 1589 4141 a
1623 4092 1887 4157 repetition
1920 4091 1980 4140 of
2010 4108 2041 4141 a
2076 4099 2188 4157 part
2228 4092 2288 4141 of
2320 4093 2404 4142 the
2436 4093 2709 4158 preceding

1558 4173 1678 4230 line,
1725 4172 1845 4222 with
1892 4174 1995 4238 ipso
2038 4173 2271 4238 replaced
2314 4174 2384 4238 by
2421 4173 2507 4223 the
2552 4173 2704 4239 Vulg.

1563 4255 1757 4306 “illa”
1822 4257 1920 4306 But
1956 4259 2019 4305 its
2042 4272 2335 4306 occurrence
2371 4255 2422 4304 in
2458 4255 2583 4306 both
2618 4273 2711 4306 our

1559 4338 1716 4390 MSS.
1752 4339 1851 4388 and
1888 4340 1939 4388 in
1978 4339 2215 4388 Rabanus
2243 4339 2286 4388 is
2312 4338 2625 4404 noteworthy
2655 4355 2710 4389 as

1561 4421 1795 4485 pointing
1837 4429 1893 4471 to
1935 4437 1999 4470 an
2040 4437 2175 4470 error
2218 4420 2271 4469 in
2311 4420 2440 4470 their
2476 4435 2713 4471 common

1561 4501 1846 4566 archetype.

2019 796 2164 860 uult
2230 795 2408 859 enim
2472 794 2693 856 dicere
2752 832 2763 842 ·
