3250 5025
583 375 707 444 322
1545 379 1928 434 APPENDIX
1973 385 2038 435 A.

580 560 825 625 certare,
852 549 1083 616 insidiis
1110 573 1217 616 eos
1246 565 1307 617 et
1332 555 1833 618 machinamentis
1860 556 2078 635 quibus
2107 569 2362 635 possunt
2390 568 2681 618 conantur
2709 565 2994 617 euertere.

580 647 941 725 scripserunt
968 651 1129 714 enim
1158 651 1271 730 ipsi
1298 651 1454 714 inter
1480 673 1545 715 se
1571 655 1786 732 procul
1813 654 2000 716 dubio
2021 657 2319 732 quaedam
2337 653 2546 732 inepta
2573 673 2727 732 quae
2755 673 2794 712 a
2821 651 2998 713 nobis

580 763 867 822 umquam
902 749 1150 811 minime
1182 749 1536 812 dicerentur.
1622 751 1888 830 denique
1931 753 2082 814 haec
2126 753 2259 830 ipsa
2299 751 2364 812 in
2408 751 2612 813 medio
2655 762 2996 811 nostrorum

580 842 935 920 scriptorum
963 845 1027 907 in
1053 849 1315 925 quadam
1344 861 1513 926 parte
1547 848 2032 927 interposuerunt
2069 861 2128 911 et
2171 850 2293 910 suis
2329 849 2716 910 familiaribus
2749 849 3000 909 demon-

520 948 552 1010 5
580 949 932 1017 strauerunt,
960 944 1287 1021 aliquando
1314 957 1515 1006 autem
1559 957 1619 1006 et
1651 947 1870 1006 nostris
1907 946 2010 1023 qui
2044 966 2148 1024 per
2191 947 2536 1006 facilitatem
2579 965 2748 1006 suam
2793 943 3000 1004 omnia

579 1035 785 1112 pronis
819 1039 1058 1100 auribus
1094 1040 1457 1116 audiebant;
1498 1053 1559 1102 et
1601 1043 1720 1102 hoc
1765 1041 1937 1118 quasi
1983 1043 2432 1116 documentum,
2481 1041 2633 1102 sicut
2679 1041 2997 1118 putabant,

580 1144 818 1196 nostrae
852 1135 1174 1214 impietatis
1210 1139 1554 1200 uidentibus
1596 1139 1982 1216 praebebant.
2067 1159 2256 1199 unum
2299 1150 2500 1200 autem
2535 1158 2608 1200 ex
2638 1138 2731 1198 his
2763 1135 3000 1214 scriptis

580 1241 706 1292 erat
752 1234 907 1294 duos
954 1235 1108 1296 filios
1151 1235 1365 1297 dicere.
1452 1234 1540 1296 sic
1583 1236 1748 1296 enim
1793 1255 1905 1297 nos
1941 1237 2212 1297 fecerunt
2248 1236 2310 1296 in
2353 1238 2473 1297 hoc
2507 1255 2686 1314 opere
2722 1234 2998 1295 dicentes

580 1333 748 1408 quod
795 1343 1069 1410 oporteat
1112 1343 1318 1410 putare
1362 1345 1422 1393 et
1465 1331 1664 1395 dicere
1709 1333 1862 1394 duos
1907 1333 2078 1408 filios,
2123 1343 2182 1394 et
2230 1335 2619 1396 uehementer
2659 1351 2772 1393 nos
2817 1331 2998 1392 istum

484 1443 560 1485 10
580 1447 919 1491 sermonem
938 1431 1259 1492 defendere
1268 1452 1287 1504 3
1328 1431 1476 1490 dum
1503 1450 1617 1491 nos
1646 1432 1708 1490 in
1737 1430 1838 1491 illa
1867 1431 2154 1508 scriptura
2182 1431 2406 1508 ubique
2433 1429 2748 1491 manifeste
2777 1428 3000 1489 dicere·

581 1546 715 1588 mus
742 1529 908 1604 quod
936 1547 1062 1589 non
1089 1538 1364 1605 oporteat
1391 1528 1544 1588 duos
1573 1527 1726 1589 filios
1755 1528 1967 1589 dicere.
2052 1548 2299 1589 necesse
2328 1539 2452 1590 erat
2479 1547 2622 1604 ergo
2649 1545 2773 1588 non
2805 1529 2998 1588 solum

580 1622 788 1703 inepta
834 1627 940 1687 sed
985 1625 1166 1688 etiam
1209 1625 1441 1687 infirma
1484 1626 1585 1687 illa
1641 1627 1862 1704 scripta
1915 1626 2294 1689 audientibus
2350 1628 2652 1704 adparere,
2712 1622 3001 1703 quoniam

580 1741 779 1800 neque
812 1725 979 1784 firma
1006 1724 1236 1785 ratione
1264 1743 1463 1802 neque
1490 1724 1880 1786 conuenienti
1909 1727 2026 1784 hoc
2055 1724 2338 1802 possibile
2369 1733 2494 1785 erat
2522 1723 2789 1797 ostendi;
2832 1735 2894 1782 et
2924 1723 3001 1782 ab

582 1817 697 1878 illis
724 1817 948 1880 idcirco
976 1817 1261 1882 infirmius
1289 1831 1415 1880 erat
1432 1819 1858 1898 conscriptum,
1882 1832 2176 1898 quatenus
2195 1819 2295 1882 ille
2313 1819 2417 1898 qui
2439 1819 2754 1898 scripserat
2767 1817 3002 1878 facilius

486 1924 556 1987 15
582 1913 727 1978 inde
752 1917 1031 1979 conuinci
1061 1919 1369 1997 potuisset.
1456 1941 1610 1981 unus
1634 1939 1774 1998 ergo
1797 1939 1870 1982 ex
1891 1919 2105 1981 nostris
2122 1931 2364 1998 propter
2386 1922 2636 1979 multam
2656 1917 3000 1978 facilitatem

582 2011 733 2074 haec
760 2027 964 2075 nostra
991 2035 1122 2077 esse
1162 2015 1417 2078 credidit
1452 2017 1687 2095 scripta,
1729 2027 1790 2079 et
1824 2017 2000 2077 huius
2036 2016 2122 2077 rei
2153 2017 2340 2095 gratia
2377 2016 2592 2094 dignus
2625 2016 2744 2075 fide
2777 2014 2857 2073 ab
2891 2011 3004 2073 illis

582 2111 843 2172 creditus
880 2125 971 2174 est
1012 2114 1115 2191 qui
1152 2113 1268 2175 ista
1312 2116 1683 2193 perlegeret3
1726 2125 1787 2175 et
1828 2115 2194 2176 renuntiauit
2227 2114 2406 2176 nobis
2450 2134 2526 2175 ea
2567 2133 2721 2191 quae
2769 2113 3006 2172 fixerant

582 2208 815 2289 scripta.
904 2232 1042 2273 cum
1081 2233 1223 2293 ergo
1256 2212 1645 2288 audissemuS,
1689 2213 2068 2291 culpauimus
2101 2213 2346 2291 quidem
2387 2212 2572 2284 illum,
2603 2211 2765 2289 quod
2796 2221 3006 2270 contra

583 2327 697 2370 nos
724 2307 900 2370 dictis
928 2310 1305 2372 sermonibus
1333 2310 1686 2373 credidisset
1713 2312 1792 2372 de
1821 2311 1912 2370 his
1939 2311 2116 2371 rebus
2145 2329 2294 2386 quas
2323 2310 2559 2388 saepius
2588 2308 2732 2370 etin
2755 2307 3006 2368 ecclesia

482 2420 563 2463 ιο
585 2415 647 2467 et
673 2405 953 2484 priuatim
981 2407 1249 2470 dicentes
1278 2428 1391 2470 nos
1419 2409 1668 2484 audiuit,
1696 2429 1838 2469 cum
1865 2408 2198 2470 fideliorem
2227 2409 2462 2486 scriptis
2490 2417 2760 2468 nostram
2787 2424 3004 2466 uocem

582 2502 847 2567 iudicare
884 2507 1155 2570 debuerit
1190 2509 1271 2570 ad
1306 2509 1742 2570 documentum
1775 2520 2014 2571 nostrae
2048 2507 2379 2571 sententiae
2417 2527 2600 2586 quam
2627 2503 2692 2567 in
2719 2503 3008 2583 dogmati-

584 2603 701 2664 bus
727 2614 937 2665 uotum
966 2616 1235 2667 nostrum
1258 2616 1349 2667 est
1376 2625 1746 2667 conseruare.

1237 2824 1355 2882 ΙΙΙ.
1442 2822 1817 2885 AGAINST
1875 2822 2348 2884 EUNOMIUS.

688 2950 808 3003 Fac.
847 2951 917 3001 ix.
953 2967 1006 3017 3:
1058 2954 1175 3003 “ab
1212 2954 1310 3004 hoc
1344 2970 1495 3019 opere
1531 2956 1612 3004 De
1640 2955 1996 3005 Incarnatione
2037 2954 2103 3004 ad
2147 2954 2286 3004 aliud
2320 2953 2458 3018 quod
2491 2958 2667 3003 contra
2701 2952 3010 3003 Eunomium

588 3032 749 3085 edidit
784 3033 1144 3085 transeamus.”
1212 3034 1357 3085 Phot.
1401 3034 1510 3086 bibl.
1548 3036 1661 3087 cod.
1705 3054 1765 3099 4:
1826 3036 2114 3098 ἀνεγνώσθη
2148 3036 2397 3097 Θεοδώρου
2424 3033 2713 3097 Ἀντιοχέως
2751 3035 2872 3096 ὑπὲρ
2911 3035 3011 3083 Βα-

588 3114 775 3164 σιλείου
798 3116 925 3164 κατὰ
954 3114 1189 3175 Boreum
1221 3117 1273 3165 ἐν
1305 3117 1469 3180 λόγοις
1501 3114 1667 3167 κε’...ὄ
1695 3118 1746 3167 δέ
1780 3118 2125 3180 Μοψουεστίας
2155 3115 2372 3177 γεγονὼς
2403 3118 2663 3167 ἐπίσκοπος
2697 3113 2832 3165 οὗτός
2857 3117 3012 3172 ἐστιν,

588 3196 739 3257 οἶμαι.
802 3195 880 3245 lb.
913 3196 1028 3247 cod.
1065 3208 1185 3261 177:
1234 3198 1369 3247 ἔστιν
1398 3201 1487 3257 μὲν
1518 3196 1658 3249 οὗτος
1677 3218 1704 3248 ο
1728 3200 1970 3261 Θεόδωρος
1992 3196 2018 3247 ὅ
2042 3200 2122 3247 καὶ
2145 3196 2252 3247 κατ’
2279 3198 2511 3254 Εὐνομίαν
2533 3198 2584 3246 ἐν
2606 3194 2650 3247 κ’
2673 3200 2752 3246 καὶ
2773 3194 2819 3256 η’
2847 3198 3016 3260 λόγοις

590 3278 676 3326 οὐκ
696 3278 908 3341 ἀγεννῶς
927 3278 1303 3339 ἀγωνισάμενος,
1325 3280 1416 3339 τὴν
1438 3280 1699 3329 Βασιλείαν
1719 3280 1806 3327 τοῦ
1833 3281 2096 3329 θεσπεσίου
2115 3280 2307 3339 μᾶλλον
2333 3280 2386 3329 δὲ
2405 3280 2490 3338 τῆς
2515 3280 2744 3337 ἀληθείας
2765 3281 3014 3341 κρατύνων

592 3358 752 3419 δόξαν.
820 3358 1062 3410 Leontius
1086 3358 1185 3425 (ap.
1215 3361 1340 3420 Mai,
1368 3362 1513 3427 299):
1546 3362 1609 3410 τά
1631 3378 1686 3409 τε
1716 3358 1840 3422 ὑπὲρ
1869 3362 2098 3419 Εὐνομίου
2126 3362 2251 3409 κατὰ
2282 3361 2540 3409 Βασιλείαν
2569 3362 2652 3409 τοῦ
2684 3361 2830 3409 πάνυ·
2865 3358 3017 3412 οὕτως

588 3439 689 3504 ’γὰρ
718 3440 818 3503 ἐγὼ
844 3442 981 3491 καλῶ
1002 3444 1093 3504 τὴν
1121 3442 1279 3503 πάσης
1303 3443 1595 3505 κατηγορίας
1614 3446 1801 3504 μεστὴν
1823 3440 1946 3504 ὑπὲρ
1966 3444 2115 3491 αὐτοῦ
2137 3444 2420 3504 ἀπολογίαν.
2487 3441 2740 3505 Ebedjeeu
2760 3443 3017 3493 mentions

586 3524 869 3590 separately
888 3532 992 3574 two
1012 3524 1237 3575 volumes
1266 3526 1463 3591 against
1494 3524 1772 3575 Eunomius
1801 3524 1904 3574 and
1929 3540 2026 3574 one
2047 3525 2248 3574 volume
2284 3524 2338 3573 in
2369 3523 2578 3574 defence
2609 3524 2668 3573 of
2696 3524 2861 3585 Basil;
2911 3527 3016 3575 and

585 3602 633 3667 J.
664 3602 719 3654 S.
742 3603 1009 3654 Assemani
1030 3604 1198 3656 builds
1219 3621 1358 3670 upon
1381 3605 1481 3656 this
1502 3604 1846 3655 enumeration
1869 3605 2140 3669 compared
2171 3604 2294 3655 with
2315 3604 2401 3655 the
2430 3604 2582 3668 slight
2612 3605 2941 3670 discrepancy
2964 3607 3016 3657 in

591 3683 739 3735 Phot.
788 3686 939 3736 codd.
978 3704 1027 3749 4,
1070 3699 1160 3751 177
1198 3688 1284 3739 the
1322 3688 1638 3754 improbable
1681 3686 1967 3751 conjecture
2011 3687 2120 3737 that
2163 3686 2429 3736 Theodore
2464 3693 2620 3737 wrote
2663 3693 2765 3737 two
2808 3688 3018 3738 distinct

590 3767 760 3819 works
779 3782 919 3833 upon
938 3768 1026 3819 the
1046 3767 1254 3832 subject.

1665 3920 1950 3979 Booxx.

964 4038 1129 4123 [Fac.
1159 4040 1237 4103 ix.
1270 4062 1305 4120 3
1340 4042 1405 4123 (“
1424 4053 1636 4103 contra
1664 4040 2353 4103 Eunomium...decimo
2379 4040 2532 4102 libro
2551 4038 2653 4123 ”)].

720 4158 952 4219 Omnes
979 4158 1141 4218 enim
1180 4156 1393 4219 Iudaei
1430 4166 1750 4219 uenturum
1789 4155 2094 4218 Christum
2131 4173 2204 4216 ex
2247 4154 2613 4232 propheticis
2638 4154 2892 4217 uocibus
2924 4175 3022 4219 ex-

596 4255 939 4332 pectabant,
974 4274 1259 4335 magnum
1288 4256 1595 4333 quendam
1623 4265 1686 4315 et
1712 4256 2038 4314 multorum
2069 4254 2366 4314 bonorum
2399 4250 2486 4313 eis
2525 4263 2830 4313 auctorem
2871 4254 3022 4315 futu·

502 4368 535 4411 α
542 4364 577 4429 5
597 4370 748 4412 rum.
852 4362 1212 4431 quapropter
1262 4351 1666 4431 interrogante
1727 4350 1980 4412 Herode
2039 4359 2181 4429 post
2247 4368 2560 4427 magorum
2619 4349 3020 4428 praesentiam

602 4447 825 4511 scribas
863 4460 923 4511 et
961 4450 1313 4515 Pharisaeos
1346 4452 1453 4513 ubi
1488 4451 1760 4512 Chr-eletas
1785 4455 2126 4523 nasceretur,
2154 4446 2590 4525 responderunt
2615 4444 2700 4507 illi
2727 4458 2786 4509 et
2814 4447 3018 4512 locum
