3250 5025
534 397 620 460 68
1213 414 1672 467 THEononus
1718 415 2303 467 MOPSUESTENUS
2688 399 2771 486 [Ι.
2810 419 2862 480 ι,
2895 417 2952 464 2.

535 584 668 646 tico
717 584 948 648 ordine
999 585 1422 668 deputantur,
1463 587 1570 650 uel
1623 589 1991 652 ministerio
2036 588 2310 671 fungere
2356 590 2682 653 uidentur.
2770 587 2953 669 quod

536 695 602 748 et
633 688 1012 751 cautissime
1048 689 1398 771 explicans
1440 691 1755 755 instruxit
1787 714 1941 755 eum
1979 693 2063 755 de
2104 692 2231 755 illis
2276 713 2450 775 quae
2490 692 2951 775 presbyterum

537 808 748 871 agere,
781 813 954 875 quae
999 794 1106 856 uel
1153 796 1526 871 diaconum,
1575 796 1809 879 quales
1850 799 2053 861 etiam
2100 782 2454 861 conueniat
2490 817 2636 859 esse
2679 797 2954 875 uiduas;

536 902 603 956 et
647 895 733 956 de
777 897 1011 958 ceteris
1056 898 1355 988 similiter
1399 898 1709 963 omnibus
1754 921 1835 963 ea
1878 921 2048 983 quae
2090 901 2576 964 conueniebant
2621 901 2953 963 instruens

473 1011 708 1079 5eum,
757 1000 1120 1081 perfectam
1173 1004 1240 1065 in
1290 1004 1435 1086 ipsa
1475 1004 1759 1087 epistola
1802 1006 2177 1069 doctrinam
2225 1006 2407 1069 uisus
2446 1014 2551 1069 est
2594 1005 2953 1088 depromp-

537 1101 719 1166 sisse.
807 1115 1216 1171 memoratus
1264 1128 1423 1172 uero
1472 1120 1574 1173 est
1623 1118 1693 1174 et
1742 1113 2073 1195 quaedam
2115 1112 2203 1175 de
2254 1113 2573 1193 dogmate
2616 1109 2681 1172 in
2730 1110 2952 1175 media

536 1215 725 1286 parte
765 1210 1105 1291 epistolae,
1144 1213 1228 1275 de
1265 1214 1504 1296 quibus
1550 1216 1656 1279 uel
1703 1218 2003 1281 maxime
2048 1217 2491 1281 necessarium
2538 1216 2661 1280 sibi
2708 1215 2951 1281 doctri·

535 1332 693 1376 nam
725 1334 868 1377 esse
901 1316 1355 1398 perspiciebat.
1447 1319 1608 1381 nihil
1640 1340 1799 1383 uero
1830 1341 1921 1383 ex
1968 1320 2097 1384 illis
2136 1320 2401 1403 reliquit
2430 1340 2603 1403 quae
2643 1321 2731 1383 ad
2769 1341 2953 1384 com·

535 1436 737 1480 mune
767 1430 1232 1484 ornamentum
1267 1422 1594 1503 pertinere
1625 1432 1951 1506 poterant,
1987 1427 2039 1487 si
2072 1434 2300 1488 tamen
2344 1425 2492 1507 quis
2534 1424 2779 1506 scripta
2810 1426 2951 1490 eius

431 1532 512 1581 10
535 1540 688 1583 cum
720 1521 1127 1604 competenti
1165 1523 1424 1588 cautela
1465 1525 1570 1589 uel
1612 1524 1831 1608 legere
1869 1526 1975 1590 uel
2016 1528 2349 1592 custodire
2394 1527 2691 1591 uoluerit.
2779 1527 2953 1593 hanc

536 1624 735 1707 igitur
764 1625 1116 1708 epistolam
1150 1648 1300 1691 meo
1331 1629 1573 1694 iudicio
1604 1652 1837 1695 omnes
1868 1634 2248 1697 cautissime
2279 1633 2629 1716 episcopos
2660 1634 2951 1698 ediscere

533 1734 1010 1811 conueniebat;
1072 1735 1166 1797 sic
1211 1737 1389 1798 enirn
1437 1737 1791 1819 diligenter
1844 1739 2144 1802 instructi
2193 1758 2594 1821 cognoscere
2641 1747 2951 1820 poterant

533 1837 845 1901 ecclesias
907 1839 1179 1904 Domini
1243 1841 1370 1905 Dei
1433 1845 1798 1907 secundum
1847 1852 1923 1908 ut
1964 1845 2207 1908 decens
2256 1853 2357 1907 est
2404 1844 2512 1907 uel
2562 1864 2788 1926 regere
2840 1843 2948 1906 uel

533 1940 938 2024 dispensare,
980 1944 1159 2008 beati
1203 1944 1388 2009 Pauli
1440 1945 1700 2030 legibus
1755 1936 2203 2011 inseruienteS.
2291 1967 2373 2010 ea
2420 1947 2597 2009 enirn
2648 1967 2822 2029 quae
2863 1947 2949 2009 ad

429 2058 499 2126 15
535 2044 966 2112 Timotheum
1004 2057 1163 2113 tunc
1209 2050 1469 2131 scripsit
1513 2050 1890 2134 relinquens
1934 2071 2087 2115 eum
2138 2050 2405 2132 Ephesi,
2446 2050 2757 2113 omnibus
2795 2069 2949 2113 eum

533 2150 826 2215 ecclesiis
885 2174 1056 2236 quae
1117 2155 1503 2223 secundum,
1540 2154 1783 2217 Asiam
1836 2174 1982 2217 esse
2042 2154 2443 2218 uidebantur
2516 2173 2947 2235 praeponenS,

532 2254 698 2321 haec
751 2259 932 2322 omni
986 2260 1304 2343 episcopo
1357 2260 1468 2343 qui
1523 2258 1871 2322 ecclesiam
1924 2258 2053 2321 Dei
2099 2259 2537 2322 creditus·est
2582 2258 2949 2339 gubernare

531 2363 747 2446 aptari
795 2383 993 2445 posse
1047 2384 1248 2428 nemo
1293 2364 1570 2428 dubitet.
1661 2362 2037 2445 incipienda
2090 2382 2250 2445 ergo
2300 2371 2402 2426 est
2450 2361 2565 2425 illa
2614 2360 2951 2442 expositio

533 2472 736 2550 quarn
779 2487 897 2550 per
941 2476 1164 2551 partes
1209 2466 1699 2551 expedirenos
1752 2464 2086 2542 conuenit,
2127 2486 2208 2530 eo
2252 2465 2949 2556 quod-argumentum

420 2583 508 2632 20
533 2572 810 2637 inhisce
840 2574 1240 2638 sufficienter
1268 2595 1310 2638 a
1340 2572 1530 2636 nobis
1562 2591 1956 2656 expressum
1988 2571 2253 2636 uidetur
2282 2591 2442 2636 esse.

662 2742 924 2808 Paulus
951 2744 1271 2828 apostolus
1313 2743 1566 2808 Christi
1599 2743 1751 2807 Iesu
1789 2743 2135 2808 secundum
2177 2741 2519 2825 imperium
2558 2739 2694 2804 Dei
2730 2741 2949 2805 salua·

533 2847 694 2910 toris
722 2848 943 2924 nostri,
974 2858 1038 2912 et
1075 2848 1326 2915 Christi
1360 2849 1524 2925 Iesu,
1556 2847 1693 2931 spei
1729 2857 1985 2912 nostrae
2004 2869 2029 2912 .·
2081 2846 2408 2912 Timotheo
2450 2845 2786 2911 carissimo
2797 2845 2953 2928 filio

533 2949 604 3013 in
634 2950 791 3033 fide,
830 2951 1081 3032 gratia,
1133 2951 1590 3028 misericordia,
1628 2963 1772 3035 pax
1813 2971 1859 3014 a
1901 2950 2041 3014 Deo
2076 2960 2271 3035 patre
2320 2961 2537 3017 nostro
2579 2961 2645 3015 et
2697 2948 2951 3015 Christo

530 3053 680 3118 Iesu
710 3055 968 3119 domino
997 3066 1228 3120 nostro.

419 3220 457 3267 2
468 3217 498 3285 5
661 3199 926 3265 uidetur
967 3202 1204 3266 beatus
1251 3202 1495 3267 Paulus
1539 3203 1606 3267 in
1654 3203 2174 3287 praescriptione
2218 3202 2586 3285 praesentis
2626 3199 2948 3284 epistolae

530 3313 763 3369 contra
822 3327 1011 3370 suam
1065 3307 1615 3371 consuetudinem
1678 3309 2000 3370 adiecisse
2058 3305 2197 3390 [ad]
2250 3307 2536 3389 gratiam
2591 3315 2659 3369 et
2712 3325 2945 3387 pacem

529 3418 544 3446 ‘
566 3407 1119 3488 misericordiam,’
1153 3411 1239 3475 ab
1270 3410 1510 3475 affectu
1543 3411 1777 3474 maiori
1810 3431 2010 3494 quem
2042 3430 2203 3493 erga
2232 3407 2665 3473 Timotheum
2703 3404 2948 3470 habere

632 3615 654 3649 1
689 3600 830 3665 fungi
873 3600 918 3650 C
960 3600 1108 3660 (corr)
1154 3615 1188 3648 r
1271 3653 1280 3660 ,
1519 3614 1546 3648 2
1585 3599 1784 3649 instruit
1828 3596 1892 3662 νΙ
1922 3613 2050 3663 quae
2083 3597 2293 3647 deceant
2331 3593 2495 3660 presb.
2544 3609 2736 3659 quaeue
2757 3593 2886 3644 diac.
2923 3610 2955 3643 r

530 3700 558 3749 3
592 3685 891 3735 conueniant
919 3685 988 3735 C*
1200 3697 1227 3746 5
1264 3699 1379 3734 eum
1401 3699 1479 3732 om
1502 3698 1534 3730 r
1557 3681 1566 3747 1
1595 3682 1869 3748 perfectum
1898 3681 1969 3731 C*
2188 3679 2219 3728 8
2246 3693 2563 3728 communem
2591 3677 2636 3727 C
2652 3677 2721 3727 H
2918 3691 2950 3741 9

527 3766 614 3832 qui
647 3766 716 3816 H
906 3783 959 3817 11
998 3783 1059 3816 eo
1098 3766 1211 3831 (for
1242 3766 1376 3826 meo)
1411 3765 1479 3814 H
1686 3762 1743 3814 16
1776 3763 2076 3814 uidebantur
2106 3778 2214 3814 esse
2247 3759 2312 3825 νΙ
2342 3775 2627 3826 proponens
2661 3777 2695 3808 r
2891 3762 2950 3810 18

524 3847 670 3897 altari
714 3847 874 3897 6⁵2²!
894 3844 902 3910 Ι
929 3855 1004 3897 est
1038 3862 1158 3912 ergo
1197 3863 1230 3895 r
1443 3861 1508 3895 πο
1545 3861 1654 3895 esse
1687 3845 1886 3895 uidetur
1922 3861 1973 3891 r·
2172 3857 2235 3906 23
2270 3841 2461 3906 gratiae
2504 3841 2547 3890 C
2630 3839 2790 3904 gratia
2828 3855 2857 3889 e
2892 3838 2962 3889 H

527 3929 592 3980 26
625 3930 690 3979 ad
727 3947 806 3980 om
851 3929 974 3979 CH
980 3945 1012 3978 r
1043 3927 1051 3993 Ι
1081 3928 1291 3993 gratiam
1325 3935 1375 3979 et
1420 3943 1596 3993 pacem
1635 3935 1786 3992 atque
1823 3926 1933 3978 mis.
1981 3942 2014 3975 r
2239 3937 2301 3988 27
2336 3923 2404 3976 ob
2441 3924 2675 3974 affectum
2710 3922 2951 3973 maiorem

535 4011 580 4060 C
639 4011 706 4060 ob
736 4010 970 4060 affectum
1000 4009 1190 4058 maiore
1213 4025 1244 4058 r

597 4173 669 4226 16.
741 4187 868 4239 quae
903 4189 990 4222 sec.
1026 4172 1208 4222 Asiam
1238 4188 1334 4221 esse
1365 4171 1562 4233 uiat1=
1581 4171 1689 4222 ruis
1791 4175 2063 4234 ‘germano
2082 4167 2114 4230 ς’
2148 4167 2321 4232 vulg„
2356 4163 2647 4216 “dilecta’'
2714 4165 2796 4215 cf.
2831 4177 2867 4216 1.
2896 4181 2950 4230 p.

526 4258 636 4310 κατ’
682 4259 858 4307 Ἀσίαν
903 4257 1194 4315 ἐκκλησίαις.
1287 4256 1394 4318 Qui
1429 4255 1536 4304 eccl.
1581 4255 1690 4304 Dei
1791 4268 1900 4316 245,
1943 4255 1977 4302 1.
2023 4255 2097 4312 18,
2132 4259 2267 4301 note.
2335 4251 2534 4312 Nostro,
2572 4265 2629 4299 so
2664 4249 2954 4311 Ambrstr.;

523 4339 736 4389 creditus
770 4345 840 4387 est
873 4335 1210 4402 gubernare:
1233 4331 1258 4385 ὅ
1297 4333 1387 4396 τὴν
1421 4336 1686 4394 ἐκκλησίαν
1788 4335 1922 4393 ἡμῶν
1946 4333 1988 4383 is
2011 4333 2167 4382 found
2192 4332 2244 4380 in
2269 4331 2446 4394 Chrys·
2475 4331 2577 4379 and
2599 4329 2754 4380 Thdt.

524 4425 610 4474 τοῦ
637 4424 748 4473 θεοῦ
771 4423 954 4472 διέπειν
980 4420 1375 4478 πεπιστευμένος.
1852 4429 1931 4477 27.
1998 4413 2060 4462 ab
2080 4413 2253 4479 affectu
2276 4411 2481 4473 maiori]
2527 4412 2596 4462 So
2627 4411 2807 4475 Chrys·
2816 4448 2829 4472 ‚
2859 4410 2953 4461 fol-

589 4519 667 4556 n.
750 4501 1025 4564 carissimo]
1043 4523 1088 4544 ε
1109 4501 1316 4564 γνησίῳ.
1402 4499 1673 4559 Ambrstr.,
1784 4497 1951 4548 lowed
1988 4497 2059 4562 by
2102 4495 2227 4547 Oec.
2273 4495 2373 4544 and
2420 4493 2639 4558 Thpht.;
2693 4493 2758 4544 he
2802 4493 2945 4555 adds,
