3250 5025
427 312 510 375 28
1087 325 1545 377 THEoDoRus
1593 320 2178 375 MOPSUESTENUS
2562 302 2704 386 [IV.
2746 313 2839 381 15.

731 495 748 523 2

425 497 724 561 mientes'
812 499 1030 577 dixit3
1109 518 1190 562 eo
1249 499 1428 581 quod
1490 497 1578 561 ibi
1642 496 1912 579 quidem
1975 493 2193 558 adhuc
2256 512 2435 556 mors
2494 501 2659 571 erat,
2718 510 2841 553 nec

429 602 606 663 enim
657 600 868 666 fuerat
927 600 1181 680 soluta;
1242 601 1376 665 ‚hoc
1436 622 1594 665 uero
1656 600 1723 664 in
1778 600 1925 663 loco
1987 597 2457 661 dormitionem
2518 596 2711 672 dixit,
2762 615 2844 657 eo

427 706 609 787 quod
680 707 811 769 iam
879 716 1024 770 erat
1087 727 1265 769 mors
1329 707 1473 788 ipsa
1531 700 1810 780 soluta*,
1880 704 2020 766 siue
2082 702 2447 765 secundum
2511 698 2844 783 promissi-

430 827 647 882 onem,
708 808 850 871 siue
909 808 1275 871 secundum
1338 828 1525 890 opuS,
1589 805 1861 889 quando
1910 814 2134 867 tamen
2189 804 2337 886 quis
2391 800 2551 865 illud
2614 821 2844 864 secun-

369 920 398 987 5
433 910 593 971 dum
630 908 965 973 Christum
1005 910 1396 972 examinare
1433 908 1719 972 uoluerit
1756 929 1845 971 ex
1892 907 2171 970 mortuis
2216 914 2689 987 resurgentem.
2778 911 2847 966 et

433 1014 517 1075 ad
551 1014 871 1075 maiorem
912 1014 1239 1076 dictorum
1278 1012 1852 1075 confirmationem
1899 1010 2123 1093 posuit
2155 1028 2393 1071 uoces:
2448 1008 2537 1070 ‘si
2572 1004 2844 1090 (inquit)

435 1125 732 1180 mortuus
773 1114 1075 1180 Christus
1117 1115 1405 1178 surrexit
1437 1124 1503 1178 et
1545 1113 1709 1177 nihil
1734 1114 1804 1176 'ei
1844 1113 2112 1177 obsistit
2151 1112 2234 1174 ad
2279 1111 2847 1185 resurrectionem,

435 1220 591 1303 quia
630 1219 760 1282 hoc
803 1218 1013 1283 uoluit
1058 1219 1261 1295 Deus,
1304 1228 1371 1281 et
1409 1218 1681 1301 quidem
1724 1218 2046 1299 primituS,
2099 1215 2384 1278 necdum
2442 1225 2582 1278 erat
2630 1213 2849 1277 soluta

435 1342 657 1400 mors;
725 1321 938 1384 multo
988 1322 1202 1402 magis
1256 1321 1322 1383 in
1377 1320 1569 1384 nobis
1624 1318 1786 1381 illud
1837 1338 1979 1381 esse
2033 1328 2186 1399 post
2225 1317 2624 1380 solutionem
2677 1316 2851 1378 iusta

333 1442 412 1489 10
438 1424 768 1486 credimus
813 1420 1109 1486 ratione.'
1201 1423 1406 1486 etiam
1440 1432 1509 1485 et
1541 1421 1704 1485 illud
1746 1419 2229 1483 intendendum
2261 1428 2377 1495 est,
2411 1420 2726 1501 quoniam
2766 1420 2852 1485 de

439 1528 910 1590 resurrectione
959 1526 1307 1609 disputans
1351 1525 1616 1598 Christi,
1650 1524 2120 1588 dormientium
2164 1523 2706 1586 resurrectionem
2754 1542 2852 1585 re-

440 1627 748 1710 linquens
798 1628 1033 1704 dicere,
1077 1630 1164 1691 de
1215 1628 1674 1708 assumptione
1713 1627 2057 1708 disputat3
2104 1626 2377 1689 euidens
2430 1626 2701 1707 quidem
2752 1632 2854 1688 est

441 1732 756 1811 quoniam
790 1731 1229 1813 assumptioni
1261 1730 1464 1793 etiam
1500 1730 1990 1792 resurrectionis
2020 1728 2349 1791 confessio
2374 1728 2459 1790 sit
2484 1727 2850 1790 coniuncta.

442 1854 597 1897 nam
650 1834 734 1896 de
781 1834 906 1896 illis
947 1853 1118 1915 quae
1158 1833 1648 1915 supereminere
1696 1832 2098 1895 uidebantur
2140 1831 2352 1913 magis
2389 1851 2503 1894 eos
2553 1830 2619 1892 in
2664 1850 2855 1911 prae-

340 1950 409 2015 15
444 1938 613 2000 senti
676 1938 945 2019 negotio
1028 1939 1305 2000 suadere
1387 1937 1824 2021 deproperat3
1886 1934 2069 2018 quod
2124 1944 2192 1998 et
2252 1935 2449 1998 latius
2508 1934 2853 2018 explicans

443 2038 811 2101 futurorum
843 2037 1136 2101 ostendit
1168 2038 1699 2120 magnitudinem
1730 2058 1745 2101 ε

576 2163 690 2226 ltoc
717 2164 890 2227 enim
922 2162 1102 2227 uobis
1130 2162 1410 2227 dicimus
1439 2164 1510 2226 in
1542 2165 1728 2226 uerbo
1758 2163 2049 2229 Domini.

573 2275 750 2338 bene
789 2276 1010 2357 posuit
1063 2274 1134 2337 in
1187 2275 1374 2338 uerbo
1412 2274 1702 2352 Domini,
1753 2272 1932 2356 †hoc
1980 2285 2098 2350 est,
2150 2277 2550 2340 ‘secundum
2605 2275 2857 2339 reuela-

446 2379 698 2442 tionem
756 2398 928 2460 quae
976 2379 1436 2460 inoperatione
1486 2379 1718 2441 diuina
1772 2378 1839 2440 in
1894 2379 2085 2442 nobis
2136 2378 2314 2442 facta
2366 2401 2511 2443 esse
2560 2380 2856 2444 uidetur.’

337 2496 422 2545 20
450 2504 571 2548 nec
625 2483 804 2546 enim
843 2491 985 2546 erat
1026 2483 1112 2546 de
1162 2480 1398 2546 futuris
1451 2482 1703 2546 dicenti
1746 2482 1804 2545 ei
1854 2482 2138 2560 credere,
2168 2484 2223 2546 si
2266 2503 2401 2546 non
2444 2484 2598 2547 inde
2628 2482 2858 2548 fuisset

448 2586 785 2652 edoctus*

450 2707 520 2774 δὲ
550 2712 682 2773 τῶν
708 2713 969 2775 λοιπῶν
1007 2711 1151 2785 τοῩε
1197 2713 1623 2776 nonnum-Sume·
1684 2708 1767 2777 ὥς
1808 2709 1943 2774 ἐκεῖ
1971 2707 2091 2788 μὲν
2125 2708 2408 2774 θανάτου
2438 2709 2616 2781 ὄντος
2646 2709 2755 2774 διὰ
2787 2709 2864 2776 τὸ

447 2813 714 2896 μηδέπω
742 2813 1082 2881 λελύσθαι·
1128 2813 1406 2879 ἐνταῦθα
1437 2813 1506 2878 δὲ
1537 2813 1917 2896 κοιμήσεως,
1950 2812 2059 2878 διὰ
2088 2812 2162 2878 τὸ
2190 2812 2313 2894 ἤδη
2344 2812 2683 2881 λελύσθαι.

581 2911 728 2979 ἀντὶ
785 2920 903 2981 τοῦ
960 2914 1153 2980 κατὰ
1210 2914 1744 3002 ἀποκάλυψιν·
1814 2914 1888 2979 ού
1944 2913 2071 3001 «γὰρ
2129 2913 2213 2997 ἤν
2270 2915 2423 3002 περὶ
2478 2915 2861 2998 μελλόντων

449 3014 885 3084 πιστεύεσθαι
929 3017 1221 3101 λέγοντα,
1269 3017 1358 3100 μὴ
1407 3017 1650 3084 ἐκεῖθεν
1692 3015 2004 3100 μαθόντα.

546 3149 580 3200 6
613 3152 858 3202 maiorum
885 3152 930 3202 C
947 3153 1016 3202 H
1029 3150 1037 3216 Ι
1067 3153 1211 3203 uobis
1231 3152 1346 3217 (fhr
1363 3153 1532 3214 uoces)
1563 3153 1606 3202 C
1625 3153 1777 3213 (corr)
1973 3167 2005 3218 9
2038 3159 2151 3217 post
2172 3168 2253 3202 om
2280 3152 2357 3202 C*
2374 3153 2443 3202 Η·

450 3251 530 3284 om
555 3235 615 3284 H
621 3233 649 3260 ⁴*
815 3249 874 3300 19
906 3235 1196 3299 operatione
1224 3236 1267 3285 C
1280 3236 1427 3297 (corr)
1585 3247 1644 3284 αι
1681 3243 1733 3284 et
1753 3234 1900 3284 datus
1926 3233 2003 3284 C*
2020 3235 2085 3283 H
2142 3243 2193 3284 et
2212 3234 2403 3284 dictum
2426 3250 2460 3282 r
2520 3241 2527 3248 '

457 3329 566 3377 204,
587 3312 625 3361 f.
648 3314 786 3376 170b
811 3315 918 3376 [Cr.
944 3315 1008 3364 vi.
1041 3313 1159 3378 362]
1183 3316 1288 3364 ἀντὶ
1310 3317 1410 3376 τοῦ,
1438 3315 1587 3364 nar-R.

2640 3163 2697 3214 17
2721 3151 2866 3200 uobis

2610 3247 2673 3295 ²4
2707 3233 2864 3282 Coisl.

455 3443 627 3502 vv.ll.;
661 3443 748 3493 the
772 3443 873 3494 Gk.
891 3445 1114 3509 supplies
1135 3462 1166 3495 a
1187 3446 1298 3495 clue
1321 3451 1374 3495 to
1397 3445 1482 3495 the
1503 3451 1613 3495 true

457 3525 679 3590 reading.
739 3527 851 3576 The
874 3527 1119 3592 fragment
1141 3529 1290 3593 given
1313 3529 1473 3578 above
1497 3529 1538 3576 is
1561 3528 1614 3576 in

458 3609 542 3657 the
575 3616 753 3657 catena
785 3610 1066 3663 embedded
1111 3609 1164 3658 in
1198 3627 1227 3660 a
1259 3610 1382 3673 long
1425 3615 1614 3658 extract

458 3689 584 3738 from
625 3689 824 3752 Chrys..
870 3690 1036 3739 where
1071 3690 1110 3738 it
1149 3689 1332 3740 breaks
1371 3689 1454 3738 the
1497 3703 1614 3738 con-

459 3770 640 3819 nexion
659 3771 718 3819 os
731 3785 980 3833 grammar
995 3771 1095 3819 and
1115 3769 1340 3833 thought.
1400 3770 1615 3832 Chryso·

458 3850 631 3900 stom's
649 3866 762 3899 own
785 3851 983 3900 remark
1005 3867 1072 3900 on
1095 3850 1330 3900 ἀπέθανεν
1345 3851 1387 3900 is
1403 3851 1612 3900 unsatis-

459 3933 650 3997 factory
685 3931 748 3994 (ἀ.
773 3935 958 3993 ἔθηκεν,
991 3935 1158 3993 ἐπειδὴ
1188 3936 1265 3982 καὶ
1296 3935 1354 3985 τὸ
1391 3936 1476 3994 τῆς
1504 3931 1614 3982 ἀνα-

459 4015 678 4064 στάσεως
722 4014 902 4074 εΐτετο)
918 4031 934 4074 ;
986 4014 1154 4064 whilst
1198 4016 1354 4065 Thdt.
1390 4015 1464 4064 ad
1488 4015 1538 4065 Ιι.
1577 4016 1616 4064 l.

461 4095 686 4160 explains
717 4096 754 4145 it
786 4112 841 4145 as
870 4113 901 4144 a
929 4096 1036 4145 side
1067 4096 1227 4146 thrust
1257 4105 1308 4147 at
1336 4096 1480 4147 those
1503 4097 1618 4148 who

462 4176 580 4226 held
604 4176 797 4226 docetic
820 4177 972 4226 views
993 4177 1053 4226 os
1069 4178 1152 4227 the
1173 4179 1357 4228 Person
1375 4178 1434 4228 of
1451 4179 1618 4229 Christ

464 4257 580 4321 (ἔφη
613 4258 692 4306 διὸ,
723 4259 833 4309 τοὺς
861 4255 1166 4322 ἀρνουμένους
1199 4261 1286 4321 τῆς
1317 4261 1491 4323 σαρκὸς
1529 4262 1617 4321 τὴν

464 4337 744 4404 ἀνάληψιν).

527 4440 575 4484 4.
641 4421 841 4485 quando
878 4427 1042 4472 tamen
1085 4422 1499 4487 quis...uoluerit]
1545 4421 1618 4486 τῷ·

457 4514 520 4558 γε
550 4499 842 4562 βουλομένῳ.
928 4499 1006 4550 Cf.
1041 4501 1091 4550 si
1119 4501 1468 4564 ταυτα-τάγε.

1786 3461 1863 3495 12.
1928 3447 1987 3494 de
2026 3447 2376 3511 assumptione]
2423 3448 2534 3510 περὶ
2568 3451 2654 3510 τῆς
2688 3443 2866 3506 ἀναλή-

1718 3528 1856 3588 ψεως.
1961 3529 2074 3578 The
2130 3529 2344 3593 Apostle
2399 3545 2567 3594 passes
2621 3529 2869 3592 naturally

1714 3607 1841 3655 from
1872 3607 1958 3657 the
1980 3611 2307 3660 resurrection
2332 3611 2393 3660 of
2420 3611 2505 3661 the
2531 3612 2662 3661 dead
2696 3619 2749 3660 to
2781 3611 2869 3662 the

1714 3689 2053 3752 synchronous
2089 3699 2288 3757 raptare
2318 3694 2378 3742 of
2407 3694 2489 3743 the
2525 3693 2685 3758 living
2719 3693 2873 3758 (ἡμεῖς

1716 3777 1759 3824 01
1778 3777 1965 3839 ζῶντες.
1976 3815 1985 3825 .
1997 3815 2007 3825 .
2016 3776 2435 3842 ἁρπαγησόμεθα).

1788 3858 1863 3906 18.
1930 3857 2016 3905 hoc
2035 3864 2119 3913 est,
2157 3872 2247 3906 sec.
2293 3858 2658 3919 reuelationem]
2726 3858 2873 3908 cited

1717 3937 1786 4001 by
1810 3937 2077 3988 lanfranc.
2145 3937 2227 3987 Cf.
2252 3938 2432 3989 Thdt.:
2467 3943 2523 3988 οὔ
2556 3943 2656 4003 ’γὰρ
2686 3943 2875 3991 οἰκείως

1718 4020 1947 4081 χρώμεθα
2008 4022 2277 4083 λογισμοῖς,
2322 4019 2435 4070 ἀλλ’
2479 4024 2535 4071 ἐκ
2593 4024 2721 4072 θείας
2764 4021 2877 4082 ἡμῖν

1718 4094 2075 4161 ἀποκαλύψεως
2106 4101 2137 4160 ἠ
2157 4101 2443 4150 διδασκαλία
2468 4104 2748 4164 γεγένηται.
2798 4103 2875 4154 Si-

1717 4180 1914 4245 milarly
1958 4181 2137 4246 Chrys.
2208 4182 2438 4247 Pelagius
2482 4199 2549 4232 on
2596 4183 2680 4234 the
2730 4185 2875 4234 other

1718 4264 1855 4314 hand
1878 4265 2164 4329 interprets:
2190 4265 2225 4290 ‘⁴
2240 4280 2299 4314 ex
2315 4265 2562 4330 euangelii
2576 4265 2875 4316 sententia.”

1786 4361 1865 4396 20.
1934 4361 2021 4395 nec
2032 4346 2185 4402 enim,
2204 4345 2322 4407 δια]
2356 4346 2557 4409 Chrys.:
2584 4349 2716 4406 ξένον
2736 4349 2873 4407 ἔμελ-

1718 4427 1804 4473 λεν
1849 4424 2028 4484 λέγειν·
2086 4423 2162 4474 διὰ
2202 4427 2346 4475 τοῦτο
2380 4428 2459 4476 καὶ
2500 4423 2556 4474 τὸ
2596 4425 2879 4486 ἀξιόπιστον

1719 4503 1922 4562 τίθησιν.
