3250 5025
350 342 469 428 16.]

1066 360 1148 411 IN
1200 361 1301 413 ΕΡ.
1349 358 1451 411 ΑΙ)
1500 360 2026 412 PHILEMONEM.

2638 346 2756 408 281

343 556 433 599 ex
466 533 597 599 illis
628 557 785 601 uero
818 558 990 621 quae
1021 539 1199 604 facta
1230 540 1494 606 fuerant
1524 540 1591 604 in
1623 539 2056 623 praeteritum
2090 536 2440 603 occasione
2469 544 2764 619 accepta,

345 640 599 703 dixisse
639 640 905 705 uidetur
944 641 1069 706 hac
1106 644 1193 707 de
1231 665 1433 708 causa
1480 664 1634 707 eum
1683 642 2030 706 recessisse
2060 651 2138 706 ut
2168 641 2400 706 melior
2429 640 2530 703 sui
2563 639 2763 703 fieret.

344 742 710 824 praebebat
750 744 926 808 enim
966 744 1349 810 firmitatem
1392 745 1749 810 uerborum
1793 746 1932 809 eius
1972 744 2196 808 exitus
2239 744 2443 827 ipsius
2474 742 2766 825 negotii3

344 845 524 909 unde
585 866 706 909 nec
767 847 1131 929 definitiue,
1192 852 1309 913 sed
1365 850 1612 915 adiecit
1654 851 1916 932 forsan,
1992 848 2436 913 haesitatione
2510 846 2762 909 dictum

344 970 539 1011 suum
594 969 727 1013 non
770 951 1168 1018 insuadibile
1213 954 1477 1017 faciens

346 1071 481 1115 non
531 1051 725 1132 dixit,
782 1059 896 1118 ‘ut
956 1054 1244 1134 habea5,'
1300 1055 1420 1119 sed
1464 1062 1579 1120 ‘ut
1625 1056 1947 1138 recipias3

1567 954 2054 1018 intendendum
2101 972 2262 1016 uero
2299 960 2400 1015 est
2444 950 2763 1034 quoniam
2841 959 2872 1024 5

2028 1076 2165 1119 non
2209 1056 2387 1119 enim
2433 1053 2562 1118 hoc
2605 1052 2769 1117 dicit

346 1155 665 1238 quoniam
713 1161 730 1188 ‘
754 1158 1021 1222 recessit
1062 1167 1137 1223 ut
1174 1159 1261 1222 de
1305 1167 1528 1222 cetero
1558 1158 1809 1222 habeas
1856 1178 2008 1221 eum
2040 1179 2162 1242 pro
2203 1178 2414 1235 seruo,
2448 1158 2766 1221 maiorem

344 1279 504 1342 erga
563 1280 717 1323 eum
778 1259 1089 1325 affectum
1152 1262 1513 1325 ostendens
1533 1261 1794 1324 ’·-—nam
1871 1260 2222 1325 ridiculum
2285 1270 2427 1324 erat
2483 1260 2611 1324 hoc
2681 1262 2768 1326 de

344 1362 629 1445 fugitiuo
688 1364 907 1427 dicere
967 1364 1368 1427 seruo—sed
1432 1370 1543 1426 ‘ut
1605 1363 1883 1446 recipias
1945 1384 2098 1427 eum
2166 1383 2365 1447 super
2423 1364 2765 1444 seruum3’

345 1464 543 1548 †hoc
573 1475 695 1545 est,
730 1466 1043 1549 ‘recipias
1090 1486 1242 1531 eum
1287 1486 1419 1529 non
1467 1467 1685 1529 solum
1731 1464 1971 1529 seruile
2015 1465 2409 1548 obsequium
2456 1466 2576 1529 tibi
2619 1486 2763 1548 per·
2801 1480 2880 1527 10

346 1568 739 1649 soluentem,
778 1569 919 1652 [sed
963 1571 1167 1634 etiarn
1200 1568 1375 1653 plus]
1420 1589 1625 1652 quam
1672 1571 1846 1632 serui
1887 1568 2105 1634 solent
2144 1571 2279 1634 suis
2319 1569 2608 1633 dominis
2646 1592 2766 1633 ex-

347 1672 605 1738 hibere!

351 1776 925 1843 mutabilitatem.*

458 1920 756 2001 fratrem
794 1918 1225 1984 carissimum.

477 2041 607 2107 hoc
658 2052 776 2123 est,
833 2030 1142 2110 ‘fratrem
1195 2046 1395 2111 ualde
1455 2057 1799 2112 amantem
1854 2058 1924 2113 te
1952 2050 2004 2127 ;'
2067 2054 2144 2112 ut
2204 2048 2386 2113 dicat
2443 2050 2761 2132 quoniam
2799 2058 2868 2127 15

710 1674 891 1757 quod
946 1675 1085 1738 iure
1143 1675 1410 1739 dicebat
1469 1682 1742 1757 propter
1802 1694 2062 1738 morum
2126 1684 2193 1738 et
2244 1673 2568 1756 propositi
2624 1674 2764 1737 eius

1010 1778 1173 1862 quid
1203 1787 1430 1843 autem
1462 1778 1608 1843 uult
1641 1798 1784 1843 esse
1815 1779 1996 1861 quod
2027 1778 2205 1843 dixit
2233 1789 2425 1861 super
2446 1798 2709 1843 seruum
2730 1778 2766 1840 ?

349 2149 510 2210 ‘etsi
539 2168 661 2230 per
689 2148 915 2231 fugam
950 2151 1233 2228 recessit,
1266 2151 1387 2214 sed
1433 2160 1626 2216 tanto
1676 2152 1910 2216 melior
1948 2152 2050 2216 sui
2088 2160 2188 2217 est
2220 2152 2492 2216 effectus
2522 2162 2599 2216 ut
2629 2174 2763 2216 non

344 2247 561 2313 solum
616 2252 917 2317 debitum
972 2254 1093 2318 tibi
1142 2255 1535 2337 obsequium
1590 2264 1668 2319 ut
1718 2277 1946 2320 seruus
1994 2278 2145 2321 cum
2196 2258 2378 2321 omni
2429 2258 2561 2322 fide
2619 2278 2766 2341 per-

346 2351 583 2430 soluat,
614 2354 735 2417 sed
766 2365 835 2421 et
864 2358 1035 2422 sicut
1067 2358 1270 2422 frater
1310 2358 1511 2422 ualde
1551 2362 1764 2424 amori
1806 2371 1925 2425 tuo
1963 2361 2228 2425 iunctus
2273 2363 2499 2426 omnia
2544 2382 2665 2445 pro
2694 2372 2765 2427 te

346 2457 487 2538 pati
540 2456 625 2520 de
678 2467 899 2524 cetero
952 2462 1038 2524 sit
1088 2460 1395 2545 paratus!

1486 2470 1555 2526 et
1591 2464 1751 2545 quia
1800 2463 2121 2529 incertum
2170 2474 2312 2530 erat
2357 2466 2411 2529 si
2464 2463 2629 2530 haec
2670 2466 2764 2532 ita

344 2580 417 2622 se
448 2559 783 2640 haberent,
818 2564 1215 2628 confirmans
1244 2566 1498 2629 dictum
1532 2587 1727 2630 suum
1759 2567 1965 2632 adicit
1992 2589 2007 2633 ε

474 2787 621 2855 ἀντὶ
668 2795 811 2856 τοῦ·
872 2799 889 2826 ‘
910 2790 1013 2858 ἵνα,
1069 2791 1272 2860 αὐτὸν
1319 2792 1577 2878 κομίσῃ,
1624 2791 1848 2859 οὐκέτι
1907 2792 2216 2875 δουλικὴν
2273 2793 2523 2858 εὔνοιαν
2562 2793 2764 2877 μόνον

343 2892 809 2976 ἐνδεικνύμενον
851 2896 1003 2979 περὶ
1049 2895 1147 2974 σέ,
1192 2894 1375 2962 ἀλλὰ
1422 2896 1537 2963 καὶ
1577 2893 1842 2982 μείζονα
1885 2895 1926 2980 ἢ
1973 2895 2146 2963 κατὰ
2191 2895 2448 2974 δοῦλον,
2492 2895 2604 2963 διὰ
2647 2896 2764 2980 τὴν

345 3001 462 3065 τοῦ
505 2998 756 3087 τρόπον
796 2998 1219 3082 μεταβολήν.’

448 3209 500 3243 ιι
538 3193 627 3244 sed
649 3193 800 3243 etiam
825 3195 935 3258 plus
956 3210 1035 3242 om
1063 3195 1107 3244 C
1126 3209 1187 3243 rx
1221 3195 1283 3258 cf
1303 3209 1346 3258 g

1511 3210 1566 3258 15
1602 3203 1653 3245 te
1674 3211 1752 3244 om
1777 3213 1809 3244 r

1975 3195 2034 3248 16
2066 3199 2142 3247 sui
2165 3197 2342 3247 melior
2362 3215 2394 3246 r
2419 3196 2428 3262 Ι
2455 3198 2662 3250 affectus
2689 3197 2760 3248 C*

344 3289 401 3324 αι
442 3274 598 3325 Coisl.
623 3288 736 3336 ²04·
762 3273 799 3322 f.
824 3289 917 3338 ‘233
946 3275 980 3324 b
1003 3276 1111 3337 [Cr.
1137 3275 1221 3324 vii.
1253 3276 1365 3340 109]
1395 3273 1549 3326 ἄλλος
1581 3278 1754 3338 φησίν·
1795 3275 1900 3326 ἀντὶ
1923 3275 2027 3327 τοῦ·
2064 3279 2158 3336 ἴνα,
2183 3280 2327 3328 max.

344 3468 559 3532 Thpht.:
587 3468 911 3530 μεταστρέφει
936 3467 1130 3518 Παῦλος
1147 3472 1235 3530 τὴν
1255 3471 1419 3530 φυγὴν
1438 3469 1500 3520 ὡς

346 3550 463 3611 πρὸς
485 3549 729 3610 συμφέρον
750 3549 1025 3608 γενομένην.

413 3646 458 3680 2.
520 3630 691 3678 melior
728 3629 831 3690 sui]
898 3628 979 3678 Cs-
1020 3640 1079 3678 11.
1125 3645 1177 3693 p.
1217 3643 1295 3693 37,
1340 3627 1375 3678 l.
1424 3641 1499 3692 15,

343 3719 496 3773 note;
528 3711 687 3775 infra,
711 3710 743 3760 l.
780 3708 855 3761 16.

409 3813 457 3858 4.
528 3793 859 3850 haesitatione,
896 3793 1012 3855 δια]
1092 3794 1237 3844 ‘The
1271 3794 1501 3858 modesty

341 3874 401 3923 os
448 3874 535 3924 the
589 3873 844 3939 Apostle's
906 3876 1041 3936 τάχα
1106 3874 1231 3925 wius
1298 3873 1499 3924 assent-⁹

343 3959 529 4023 Comp.
566 3958 620 4008 S.
653 3958 887 4022 Jerome:
924 3959 1180 4023 “pulchre
1212 3965 1379 4008 autem
1414 3958 1500 4007 ad·

341 4041 465 4091 dens
515 4041 742 4104 forsitan
796 4041 1095 4092 sententiam
1164 4040 1497 4104 temperauit3

340 4121 537 4170 occulta
568 4129 683 4170 sunt
716 4120 903 4185 quippe
932 4119 1118 4170 iudicia
1142 4121 1239 4170 Dei
1262 4127 1313 4170 et
1346 4127 1497 4169 teme·

338 4200 522 4249 rai-ium
572 4206 647 4249 est
695 4199 837 4263 quasi
881 4200 945 4248 de
990 4205 1127 4249 certo
1170 4198 1498 4265 pronunciare

339 4281 477 4344 quod
514 4279 723 4329 dubium
768 4287 1069 4337 est...caute,
1110 4280 1301 4340 timide,
1347 4280 1497 4344 trepi-

339 4365 531 4420 danter,
554 4371 605 4413 et
627 4378 727 4411 non
752 4369 859 4411 toto
885 4361 984 4412 fixo
1006 4363 1163 4426 gradu
1182 4380 1199 4423 ς
1232 4371 1285 4412 ut
1320 4361 1361 4412 si
1396 4378 1497 4411 non

342 4446 583 4510 posuisset
605 4445 845 4510 forsitan,
871 4444 1101 4494 omnibus
1129 4445 1282 4496 seruis
1309 4444 1496 4512 fugien-

1600 3469 1722 3520 dum
1745 3478 1890 3526 esset,
1914 3477 1968 3519 ut
1991 3469 2253 3534 apostolici
2275 3467 2502 3519 fierent-'⁹

1667 3549 1714 3601 6.
1809 3567 1911 3600 non
1945 3551 2077 3600 dixit
2115 3555 2204 3600 ‘ut
2237 3551 2450 3611 habeas,’
2493 3548 2762 3614 &c.]=oiix

1602 3633 1736 3681 εἶπεν
1764 3631 2085 3694 ’ἵνα...ἔχῃς,’
2109 3631 2222 3682 ἀλλ’
2249 3635 2357 3682 *ἵνα
2388 3631 2611 3696 ἀπέχῃς)
2678 3636 2757 3685 Cf.

1602 3714 1810 3779 Chrys.=
1839 3711 1946 3764 ἀντὶ
1963 3718 2050 3765 τοῦ
2073 3712 2380 3778 ‘dveniens-²
2426 3716 2524 3766 Th.
2539 3724 2758 3781 strange-

1600 3795 1654 3858 ly
1691 3811 1860 3860 passoe
1894 3812 2012 3846 over
2049 3793 2236 3846 αἰώνιον
2275 3794 2321 3862 (J
2323 3813 2520 3847 erome:
2560 3799 2597 3824 ‘⁶
2611 3796 2762 3849 frater

1599 3886 1830 3928 aeternus
1847 3877 1926 3943 ”);
1960 3878 2024 3929 cf.
2055 3891 2091 3928 1.
2117 3895 2168 3944 p.
2191 3879 2276 3928 lxx
2301 3880 2388 3941 (a).

1672 3974 1747 4010 10.
1814 3960 1903 4009 hoc
1931 3967 2014 4020 est,
2065 3963 2080 3987 ‘
2093 3960 2706 4025 receptas...persoluentem
2723 3959 2758 4024 ’]

1601 4041 1748 4092 Cited
1775 4042 1842 4106 by
1867 4041 2129 4092 Lansranc.

1671 4136 1743 4184 15.
1804 4127 2056 4170 amantem
2080 4121 2145 4182 te]
2190 4121 2241 4169 A
2263 4121 2537 4170 somewhat
2559 4128 2760 4187 strange

1600 4201 1901 4267 paraphrase
1925 4201 1984 4250 of
2009 4201 2094 4251 the
2126 4202 2322 4266 passive
2355 4202 2528 4252 verbal
2563 4200 2758 4265 ἀγαπη-

1598 4281 1692 4332 τός.
1783 4283 1881 4332 Th.
1929 4283 2174 4348 probably
2210 4298 2396 4344 means,
2451 4286 2598 4335 “one
2643 4285 2758 4335 who

1600 4367 1829 4418 deservcs
1857 4367 1944 4430 thy
1966 4366 2080 4416 love
2111 4367 2322 4417 because
2355 4365 2420 4416 he
2452 4367 2556 4416 will
2589 4375 2758 4418 return

1600 4444 1690 4493 1t.”

2790 2582 2876 2631 20
