3250 5025
478 395 606 457 214
1146 388 1601 441 THssooonus
1650 388 2234 441 MOPSUESTENUS
2549 374 2704 460 [III.
2743 370 2802 455 2,'
2837 394 2890 458 3.

606 563 969 646 blasphemi.

607 681 1018 764 derogationi
1071 681 1417 744 studentes
1466 688 1533 744 et
1583 700 1852 743 omnem
1904 700 2128 743 curam
2180 700 2337 763 erga
2390 680 2890 763 derogationem

476 786 861 853 habentes*

589 924 976 1008 parentibus
1004 944 1130 988 non
1161 923 1559 988 oboedientes,

410 1058 441 1123 5
607 1046 883 1111 euidens
915 1055 1017 1111 est
1046 1046 1229 1129 quod
1262 1045 1519 1109 adiecit.

606 1189 873 1272 ingrati.

606 1315 691 1378 ad
727 1335 839 1378 eos
872 1316 997 1396 qui.
1028 1316 1198 1378 bene
1237 1314 1362 1377 sibi
1396 1313 1688 1390 faciunt3
1737 1334 1894 1375 nam
1943 1312 2006 1375 in
2055 1322 2246 1395 parte
2291 1334 2646 1395 prauorum
2703 1316 2892 1396 ponit

368 1448 372 1451 «
476 1417 678 1479 etiam
711 1437 825 1479 eos
857 1416 969 1498 qui
1003 1415 1325 1479 beneficio
1370 1424 1525 1478 sunt
1571 1415 1920 1491 subleuati,
1953 1415 2006 1478 si
2057 1435 2195 1492 non
2237 1416 2486 1497 gratias
2527 1426 2734 1499 agant
2767 1416 2892 1478 illis

474 1520 585 1603 qui
619 1519 941 1583 beneficia
970 1518 1405 1583 contulerunt.

368 1678 445 1725 10
602 1663 905 1747 †scelesti.

602 1783 750 1847 illos
782 1783 943 1847 dicit
972 1784 1085 1867 qui
1118 1782 1405 1874 iustitiae
1438 1782 1690 1848 nullam
1724 1782 2046 1849 adhibent
2077 1782 2511 1867 diligentiam.

602 1921 745 1983 sine
769 1919 1047 2008 affectu.-

604 2040 750 2104 illos
781 2040 942 2105 dicit
972 2040 1084 2124 qui
1118 2039 1369 2105 nullum
1403 2060 1558 2124 erga
1589 2060 1994 2123 quemquam
2023 2040 2334 2105 affectum
2363 2042 2596 2106 uolunt
2628 2042 2889 2109 habere.

608 2177 775 2260 [sine
783 2178 939 2260 fide.

368 2315 439 2382 15
604 2300 717 2382 qui
769 2319 987 2381 neque
1039 2298 1210 2361 firmi
1272 2308 1429 2363 sunt
1496 2318 1656 2381 erga
1715 2296 2060 2375 amicitiem,
2116 2318 2334 2380 neque
2379 2319 2648 2363 ueraces
2695 2321 2892 2384 super

475 2410 553 2473 iis
599 2406 795 2491 quae]
830 2411 1187 2491 spondent.

600 2544 1063 2608 criminatores.
1110 2621 1116 2628 ὁ

601 2667 714 2750 qui
768 2667 1044 2730 istorum
1100 2665 1302 2729 uerba
1350 2665 1437 2728 ad
1491 2663 1641 2727 illos
1681 2673 1748 2728 et
1791 2663 2069 2727 aliorum
2122 2662 2208 2726 ad
2257 2663 2420 2726 istos
2458 2663 2768 2742 referunt,
2815 2673 2886 2729 ut

470 2771 623 2835 lites
656 2772 826 2833 inter
856 2790 967 2832 eos
1000 2779 1483 2832 commoneant.

357 2933 445 2981 20
472 2921 861 3004 φρονοῦντες
906 2921 1017 2987 ἐπὶ
1062 2923 1199 2992 τοῖς
1244 2919 1456 2985 οὖσιν·
1525 2923 1890 2996 malcomum,
1941 2917 2368 3007 κατηγορίαις
2412 2919 2770 3008 χαίροντες.

598 3027 839 3104 Sadenoi,
888 3025 1267 3109 ἐπιμέλειαν
1315 3028 1431 3091 τοῦ
1484 3022 1742 3090 δικαίου
1787 3023 1879 3107 μὴ
1932 3023 2333 3108 ποιούμενοι·
2395 3027 2684 3112 §iemps-01,
2737 3021 2890 3109 περὶ

468 3129 700 3195 οὐδένα
743 3128 982 3217 σχέσιν
1027 3129 1315 3219 ἔχοντες·
1362 3129 1674 3205 genoe-mon,
1707 3126 1780 3195 οὗ
1810 3129 2086 3208 βέβαιοι
2113 3129 2266 3214 περὶ
2307 3127 2425 3200 τὰς
2457 3127 2701 3215 φιλίας,
2735 3126 2884 3194 οὐδὲ

467 3231 735 3313 ἀληθεῖς
780 3233 937 3320 περὶ
990 3231 1033 3297 ἂ
1084 3231 1526 3300 συντίθενται·
1590 3239 1872 3310 Διάδολοι,
1915 3233 2127 3298 ταῦτά
2174 3259 2247 3298 τε
2293 3233 2430 3300 ἐκεῖ
2477 3229 2743 3298 κάκεῖνα
2789 3229 2888 3296 ἐν·

566 3400 593 3450 5
628 3386 781 3436 adicit
809 3389 898 3436 Cr
1074 3401 1099 3452 7
1136 3387 1227 3437 tibi
1254 3388 1370 3452 (sor
1388 3385 1503 3450 sibi)
1535 3385 1617 3436 C*
1637 3385 1704 3435 Il
1875 3403 1931 3450 13
1967 3385 2157 3436 nullam
2191 3385 2262 3436 C*
2277 3386 2344 3435 H
2503 3401 2562 3445 14
2595 3383 2700 3433 sine
2725 3382 2883 3431 fide...

464 3483 592 3532 quae
629 3485 707 3517 om
749 3469 791 3518 C
803 3469 867 3518 H
873 3485 935 3518 r:
969 3469 1031 3534 cs.
1062 3487 1105 3534 g
1300 3469 1358 3520 16
1392 3475 1571 3534 sponte
1598 3467 1710 3532 (fhr
1740 3465 2010 3532 spondent)
2045 3483 2078 3515 r
2275 3481 2334 3532 19
2367 3465 2480 3516 illos
2517 3466 2628 3528 (jor
2662 3464 2794 3524 lites)
2831 3463 2898 3512 H

466 3567 529 3601 20
564 3551 681 3602 Fr.:
732 3552 1049 3617 “legendum
1086 3553 1281 3603 uidetur
1324 3547 1588 3614 προσοῦσιν
1626 3551 1707 3600 uel
1744 3543 2095 3612 ὕπάρχουσιν.”
2382 3564 2438 3598 21
2478 3565 2554 3614 sq.
2594 3546 2749 3597 Coisl.
2783 3547 2818 3596 l.
2842 3562 2881 3595 c.

466 3649 492 3682 α
500 3649 528 3698 3
562 3635 723 3684 ἐκεῖνα.
748 3633 843 3695 (for
864 3633 986 3698 κάκ.)
1011 3635 1124 3684 cod.
1152 3635 1266 3684 edd.

532 3782 569 3815 1.
639 3765 919 3830 blasphemi,
954 3765 1071 3828 δια]
1137 3765 1233 3816 See
1270 3781 1337 3814 on
1370 3781 1390 3814 1
1419 3764 1551 3814 Tim.
1581 3762 1612 3813 i.
1723 3761 1970 3826 probably
1987 3763 2198 3812 because
2222 3762 2258 3812 it
2277 3759 2422 3812 stood
2441 3768 2492 3810 at
2511 3761 2595 3810 the
2613 3760 2888 3824 beginning

467 3861 539 3910 13,
568 3846 634 3895 vi.
662 3866 709 3908 4.
1721 3845 1826 3895 osa
1849 3861 1960 3894 new
1983 3845 2100 3894 line.
2169 3845 2282 3894 The
2304 3851 2516 3909 attempt
2539 3845 2599 3892 of
2625 3845 2754 3892 Rab.
2785 3845 2887 3905 (see

530 3943 604 3977 η.
678 3929 784 3976 sine
824 3927 1021 3992 afficite]
1098 3926 1170 3977 So
1216 3928 1403 3992 Cypr.;
1460 3928 1524 3976 Ο.
1558 3929 1617 3976 L.
1721 3943 1800 3976 vv.
1819 3927 1895 3985 11.)
1919 3934 1974 3976 to
1995 3942 2135 3991 press
2158 3927 2258 3976 this
2287 3927 2427 3976 word
2451 3926 2559 3976 into
2583 3926 2668 3975 the
2699 3925 2886 3976 service

460 4009 713 4074 generally
734 4011 835 4059 and
858 4010 907 4058 V
910 4009 1031 4074 ulg„
1057 4008 1207 4059 “sine
1230 4007 1540 4059 affectione.”
1720 4009 1778 4059 of
1804 4011 1890 4059 the
1927 4011 2158 4074 previous
2192 4017 2427 4059 sentence
2461 4009 2503 4058 is
2545 4009 2756 4068 curious,
2799 4009 2886 4057 but

532 4105 605 4150 14.
674 4089 780 4138 sine
805 4089 930 4153 fide]
1010 4090 1121 4139 The
1162 4091 1263 4140 Gk.
1308 4091 1469 4140 shews
1510 4090 1617 4140 that
1720 4093 1899 4158 hardly
1920 4093 2246 4157 satisfactory.
2317 4095 2340 4142 I
2366 4093 2494 4142 have
2517 4093 2779 4142 borrowed
2803 4091 2888 4140 the

460 4173 693 4220 ἄσπονδοι
715 4171 837 4220 with
868 4171 933 4221 its
968 4173 1249 4237 exposition
1283 4173 1439 4222 found
1474 4174 1618 4239 place
1720 4177 1986 4241 rendering
2029 4177 2135 4226 sine
2159 4177 2268 4242 fide
2309 4175 2437 4225 srom
2483 4176 2732 4226 Ambrstr.
2783 4173 2885 4224 and

459 4256 511 4302 in
556 4253 642 4302 the
689 4253 899 4317 original
955 4254 1015 4304 of
1062 4253 1204 4305 Th.'s
1257 4264 1616 4321 commentat-y,
1727 4259 1972 4315 Clarom.;
2005 4259 2177 4322 Vulg.‚
2202 4257 2356 4307 “sine
2379 4257 2559 4322 pace.”

460 4337 651 4400 though
687 4338 910 4402 wanting
943 4339 995 4387 in
1029 4338 1155 4388 both
1188 4355 1281 4388 our
1313 4338 1467 4389 MSS.
1514 4337 1615 4386 and
1790 4341 1862 4390 18.
1923 4341 2014 4404 qui
2049 4341 2254 4390 istorum
2292 4341 2455 4396 uerba,
2497 4339 2613 4401 ἃς]
2697 4339 2776 4389 Cf.
2819 4351 2882 4388 11.

460 4421 512 4470 in
540 4422 789 4470 Rabanus.
836 4423 946 4471 The
970 4423 1204 4487 repeated
1226 4423 1332 4472 sine
1350 4439 1467 4487 may
1488 4423 1617 4472 have
1719 4441 1804 4489 pp.
1837 4427 1944 4484 128,
1974 4425 2008 4474 1.
2041 4439 2112 4486 15,
2143 4432 2276 4486 note,
2313 4415 2419 4486 164,
2445 4425 2475 4473 1.
2510 4437 2596 4486 143
2632 4423 2788 4488 irgsra,
2817 4438 2884 4472 on

458 4502 541 4550 led
582 4511 633 4550 to
674 4501 760 4552 the
797 4502 1063 4563 omission;
1114 4504 1349 4568 sponcknt
1380 4503 1609 4566 escapcd,
1717 4506 1819 4558 Tit.
1851 4506 1900 4554 ii.
1929 4520 1973 4568 3.
