3250 5025
513 352 538 400 1
551 336 640 417 84
1169 346 1629 400 THEODORUS
1675 345 2265 400 MOPSUESTENUS

2503 329 2655 420 [VI.
2696 350 2719 398 ι
2735 343 2789 414 5,
2826 330 2925 398 16.

639 542 826 606 quem
857 521 1240 606 temporibus
1281 519 1422 586 suis
1459 521 1738 587 ostendit
1762 523 1982 588 beatus
2018 531 2083 587 et
2112 521 2288 587 solus
2308 531 2536 607 potens
2564 544 2685 588 rex·
2702 545 2929 608 regum

507 635 572 692 et
597 627 900 692 dominus
927 626 1429 706 dominantium,
1459 627 1580 710 qui
1601 628 1777 692 solus
1808 627 2000 693 habet
2038 627 2574 694 inmortalitatem
2608 639 2673 692 et
2707 630 2925 693 lumen

507 719 768 797 habitat
794 729 1228 806 inaccessibile,
1257 750 1442 813 quem
1472 729 1654 794 uidit
1676 729 2015 795 hominum
2057 751 2239 796 nemo
2275 753 2387 796 nec
2426 731 2649 796 uidere
2660 739 2874 816 potest
2890 754 2924 807 ,-

508 836 620 901 cui
640 836 846 901 honor
865 845 930 900 et
941 844 1226 919 potestas
1252 845 1528 900 aeterna.
1615 855 1825 900 amen.

395 979 401 985 '
449 966 495 1036 5-
641 983 730 1028 ex
761 963 1223 1048 magnitudine
1253 963 1527 1028 diuinae.
1553 973 1833 1028 naturae
1863 973 1931 1029 et
1962 963 2077 1028 illa
2104 983 2277 1047 quae
2308 984 2465 1048 erga
2490 983 2643 1028 eum
2674 963 2928 1028 haben-

509 1077 622 1132 tur
670 1067 1092 1132 confirmauit
1140 1067 1379 1132 futura.
1471 1069 1650 1131 unde
1709 1076 1778 1131 et
1839 1067 1969 1131 ista
2028 1087 2202 1150 quae
2262 1087 2422 1150 erga
2484 1067 2707 1132 Deum
2768 1075 2928 1131 sunt

511 1172 738 1255 posuit
787 1170 862 1234 in.
906 1170 1271 1253 praesenti,
1308 1190 1482 1253 quae
1536 1168 2111 1234 confirmationem
2160 1171 2501 1252 quandam
2555 1170 2927 1236 futurorum

509 1276 758 1340 habere
809 1283 1138 1357 poterant.
1227 1273 1358 1338 hoc
1417 1275 1649 1356 ipsum.
1704 1283 1955 1354 autem*
1983 1283 2049 1338 et
2112 1273 2242 1357 [in]
2290 1274 2554 1338 initium
2601 1273 2926 1358 epistolae

512 1380 744 1444 fecisse
773 1379 1056 1459 uidetur,
1091 1377 1202 1441 ubi
1234 1377 1436 1442 dicit:
1481 1379 1625 1461 regi
1650 1389 1865 1442 autem
1893 1378 2308 1455 saeculorum,
2341 1378 2721 1461 incorrupto,
2750 1378 2928 1442 inui-

411 1505 492 1554 ιο
511 1483 709 1558 sibili,
731 1483 859 1547 soli
881 1483 1020 1546 Deo
1047 1482 1252 1546 honor
1275 1491 1339 1546 et
1363 1483 1588 1566 gloria
1631 1483 1701 1547 in
1730 1483 1983 1546 saecula
2010 1483 2425 1547 saeculorum.
2484 1503 2688 1548 amen.
2750 1481 2926 1546 unde

512 1589 714 1652 etiam
747 1596 814 1650 et
845 1585 972 1649 hoe
1002 1585 1070 1648 in
1101 1585 1250 1648 loco
1279 1583 1643 1670 †‘bea·tum
1662 1584 1678 1611 ’
1711 1575 1904 1648 illum
1931 1585 2197 1650 uocauit
2226 1586 2313 1649 ad
2354 1575 2925 1650 confirmationem

511 1693 771 1757 futurae
817 1689 1336 1754 inuertibilitatis
1387 1710 1560 1773 quae
1613 1689 1809 1754 nobis
1849 1689 2078 1767 aderit,
2128 1689 2289 1772 quia
2333 1688 2444 1753 ille
2488 1690 2644 1753 talis
2690 1699 2810 1766 est,
2855 1691 2922 1754 in

511 1805 749 1860 natura
779 1793 1262 1858 bea-titudinem
1307 1791 1581 1872 habenS,
1634 1814 1756 1859 nec
1796 1803 2035 1858 autem·
2068 1792 2275 1858 ullam
2312 1795 2561 1877 poterit
2602 1796 2926 1860 sustinere

511 1883 1028 1965 uertibilitatem.
1085 1900 1499 1983 ‘potentem'
1531 1921 1691 1964 uero
1722 1899 1898 1964 dixit
1930 1919 2101 1977 eum,
2134 1907 2210 1962 ut
2242 1919 2439 1963 nemo
2470 1899 2735 1964 dubitet
2761 1920 2925 1984 quo-

409 2019 481 2088 15
501 2007 688 2071 niam
717 2005 1262 2094 resurrectionem
1288 2006 1482 2070 nobis
1503 2005 1753 2089 poterit
1776 2004 2092 2069 conferre.
2140 2013 2210 2068 et
2233 2004 2508 2087 quidem
2532 2013 2600 2069 et
2626 2010 2641 2036 ‘
2660 2024 2884 2087 regern
2906 2003 2925 2031 ’

391 2145 414 2158 ·-
438 2149 462 2194 3·
511 2129 670 2174 eum
710 2107 1206 2192 ‘regnantium’
1247 2117 1317 2172 et
1357 2108 1752 2172 ‘dominum
1786 2106 2319 2171 dominantium’
2362 2107 2557 2184 dixit,
2598 2115 2674 2171 ut
2703 2114 2927 2170 osten-

639 2284 662 2315 ‘
673 2275 996 2366 μακάριον
1011 2273 1029 2300 ’
1067 2273 1267 2342 αὖτὸν
1302 2273 1623 2342 ἐκάλεσεν
1654 2273 1767 2340 ἐπὶ
1798 2273 2137 2340 συστάσει·
2169 2275 2287 2356 τῆς
2320 2271 2694 2358 μελλούσης
2722 2302 2930 2362 προσ-

511 2376 790 2448 έσεσθαι
835 2377 992 2462 ἡμῖν
1036 2376 1541 2466 ἆτρεπτότητσς,
1585 2375 1969 2458 ’δυνάστην’
2020 2375 2092 2442 δὲ
2132 2374 2239 2443 ὅτι
2276 2376 2353 2459 δὴ
2392 2375 2510 2460 τὴν
2552 2375 2931 2444 ἀνάστασιν

511 2482 927 2575 ἐργάσασθαι
972 2477 1269 2557 δυνατός,
1301 2479 1413 2547 καὶ
1449 2477 1581 2563 μὴν
1615 2479 1729 2546 καὶ
1765 2477 2117 2559 ’βασιλέϊ
2157 2479 2269 2546 καὶ
2312 2477 2584 2569 ’κύριοί
2626 2479 2739 2548 ἐπὶ
2769 2479 2933 2548 ἀπο-

399 2612 489 2662 20
512 2586 708 2671 &lfa
758 2590 878 2653 τοῦ
927 2582 1200 2650 πάντων
1249 2586 1516 2670 κρατεῖν
1557 2580 1673 2648 καὶ
1726 2580 2055 2655 δύνασθαι
2106 2580 2437 2667 ὑποτάξαι
2483 2582 2596 2650 καὶ
2648 2581 2934 2652 θάνατον

509 2689 808 2777 ἀφελεῖν*
886 2682 1001 2751 διὰ
1055 2688 1247 2750 τοῦτο
1305 2683 1421 2749 καὶ
1477 2682 1731 2766 ’μόνον
1792 2681 2075 2773 ἔχοντα
2134 2681 2608 2763 ἀθανασίανῖ
2680 2683 2768 2755 ὥς
2842 2683 2927 2753 ἄν

607 2858 637 2893 2
673 2842 844 2891 lumen
875 2838 930 2889 h.
972 2837 1366 2888 inaccessibilem
1405 2836 1473 2887 H
1559 2836 1725 2885 lucem
1762 2836 1817 2886 h.
1855 2834 2251 2886 inaccessibilem
2285 2852 2319 2885 r

509 2924 680 2989 nemo)
704 2940 738 2974 r

2554 2851 2583 2900 3
2618 2838 2784 2887 nullus
2821 2838 2939 2905 (sor

947 2936 980 2981 4
1013 2920 1280 2987 imperium
1301 2920 1657 2985 sempiternum
1683 2920 1796 2984 (for
1814 2927 1920 2985 pot.
1948 2918 2170 2979 aeterna)
2194 2934 2229 2967 r
2300 2922 2305 2925 '
2442 2930 2471 2981 5
2506 2934 2617 2967 eam
2639 2933 2674 2966 r
2900 2924 2933 2971 8

511 3010 677 3074 ipsum
697 3004 867 3054 omH
883 3001 892 3067 Ι
921 3002 1066 3051 initio
1093 3003 1138 3052 C
1155 3003 1208 3051 in
1230 3002 1376 3052 initio
1403 3002 1448 3051 C
1467 2998 1612 3066 (corr)
1636 3018 1672 3051 r
1699 3002 1897 3053 initium
1918 3000 1989 3049 H
2202 3013 2265 3049 10
2296 3004 2370 3049 est
2393 2999 2499 3064 (bes
2508 2998 2621 3065 soli)
2642 3000 2749 3050 add
2768 3002 2849 3051 C*
2872 3004 2943 3053 H

518 3106 573 3141 11
611 3090 664 3137 in
685 3084 921 3136 hocloco
941 3081 1006 3147 νΙ
1036 3084 1126 3133 illo
1153 3084 1232 3134 C*
1257 3085 1326 3134 H
1337 3101 1350 3133 :
1384 3090 1468 3133 [τί
1486 3099 1521 3132 r
1740 3098 1797 3133 ια
1831 3079 2238 3132 aduertibilitatis
2258 3098 2291 3131 r
2314 3080 2322 3147 Ι
2352 3082 2547 3132 adherit
2568 3084 2635 3131 Η
2651 3078 2660 3146 Ι
2688 3088 2863 3142 estem
2892 3087 2939 3137 C

519 3181 578 3232 1⁴7
611 3183 690 3232 sq.
721 3164 876 3217 Coisl.
910 3176 1025 3224 204,
1055 3163 1090 3215 f.
1126 3177 1221 3229 209
1249 3164 1286 3214 b
1315 3163 1426 3226 [Cr.
1460 3162 1547 3215 vii.
1583 3175 1666 3227 5ο,
1698 3163 1784 3213 Fr.
1822 3160 1935 3225 154]
1970 3162 2216 3224 θεόδωρος.
2295 3158 2456 3212 ἄλλος.
2481 3162 2646 3223 φησίν·
2678 3163 2933 3227 μακάριον,

511 3250 672 3301 ns.)-
871 3246 931 3296 18
967 3246 1042 3294 δεῖ
1063 3244 1182 3309 (sor
1201 3242 1282 3305 δὴ)
1303 3244 1418 3296 cod.

587 3396 632 3434 ι.
684 3378 982 3445 temporibus
1000 3377 1127 3442 suis]
1159 3376 1241 3431 Cf.
1266 3389 1304 3427 1.
1325 3392 1379 3445 p.
1409 3378 1571 3441 127,l.
1597 3392 1675 3446 19,

517 3472 655 3518 note.

583 3543 810 3606 ostendit]
846 3543 916 3595 So
935 3544 1077 3608 Auge
1087 3542 1390 3604 (Sabatia->3
1413 3540 1480 3593 Ο.
1495 3541 1558 3591 L.
1575 3541 1679 3592 and

519 3628 692 3694 vulg„
714 3626 841 3676 aster
863 3610 982 3687 Gk.,'
1007 3630 1041 3653 ‘⁸
1056 3622 1679 3674 ostendet-'’Lumm...in-

497 3728 504 3735 ·
521 3709 796 3762 accessibile.
838 3708 909 3758 So
924 3708 1197 3767 Ambrstr.;
1213 3696 1385 3770 νοις,
1402 3710 1434 3733 “
1449 3705 1631 3755 lucem.
1642 3744 1653 3755 .
1663 3744 1674 3755 .

521 3785 961 3842 imoeaesibilem”
985 3786 1069 3847 (cf.
1095 3799 1158 3836 11.
1182 3802 1234 3851 p.
1255 3800 1335 3849 33,
1362 3785 1399 3835 1.
1421 3797 1496 3849 17,
1517 3786 1679 3849 note).

522 3874 802 3924 Hominum
833 3886 987 3931 nemo,
1013 3876 1227 3934 potestas
1249 3874 1448 3917 aeterna
1467 3866 1576 3917 also
1597 3882 1681 3917 oc·

521 3968 638 4005 curs
659 3954 712 4003 in
733 3952 1010 4009 Ambrstr.;
1044 3950 1216 4015 vulg„
1250 3954 1284 3978 ‘⁸
1298 3948 1465 3999 nullus
1488 3946 1683 4010 hom.,”

531 4028 847 4102 “imperium
869 4032 1279 4099 sempiternum.”

596 4130 644 4181 5.
711 4132 770 4165 ex
805 4115 1173 4180 magnitudine,
1211 4112 1326 4177 δια]
1391 4112 1472 4163 Cf.
1499 4112 1682 4163 Thdt.:

527 4198 626 4247 ἀπὸ
658 4198 756 4246 τῶν
794 4193 1073 4260 προσόντων
1109 4192 1180 4257 τῷ
1212 4196 1308 4257 θεῷ
1338 4192 1424 4244 τὸν
1456 4196 1566 4257 περὶ
1599 4196 1685 4255 τῆς

529 4278 839 4328 ἀναστάσεως
871 4279 946 4327 καὶ
968 4274 1055 4337 τῆς
1089 4280 1286 4340 κρίσεως
1317 4277 1398 4327 καὶ
1429 4272 1526 4326 τῶν
1555 4274 1684 4326 ἀντι-

533 4361 714 4410 δόσεων
727 4359 1028 4423 ἐβεβαίωσεν
1047 4354 1216 4421 λόγον.

597 4443 658 4495 8.·
714 4442 771 4492 in
805 4441 1008 4489 initium
1041 4438 1286 4506 epistolae]
1351 4439 1452 4493 1-e.
1475 4455 1520 4492 c.
1546 4452 1583 4491 1.
1609 4450 1685 4505 17,

1777 3376 1943 3427 where
1964 3390 2047 3425 see
2068 3388 2251 3425 comm.
2275 3374 2377 3424 and
2398 3378 2561 3424 notes.

1848 3474 1868 3509 1
1882 3473 1925 3508 ι.
1979 3455 2529 3521 beatum...inlustran']
2593 3456 2940 3509 Abbreviated

1776 3539 1847 3605 by
1869 3538 2136 3589 Lanfranc.

1843 3623 1919 3672 ad
1944 3622 2379 3687 confirmationem,
2414 3618 2529 3685 &c.]
2617 3620 2801 3687 Comp.
2836 3622 2937 3671 Th.

1781 3720 1848 3756 on
1891 3706 1979 3755 Ps.
2026 3705 2060 3753 i.
2117 3719 2138 3753 1
2192 3702 2402 3769 (Migne,
2454 3700 2606 3767 648):
2672 3706 2839 3766 κυρίως
2885 3704 2949 3752 δὲ’

1781 3786 2011 3851 μακάριος
2043 3782 2109 3835 ὢν
2142 3784 2169 3835 d
2204 3786 2311 3835 θεὸς
2339 3786 2423 3848 [cf.
2448 3785 2627 3850 Chrys.
2649 3786 2722 3834 ad
2736 3786 2789 3835 h.
2810 3786 2873 3835 L:
2907 3786 2941 3846 ἠ

1784 3864 2473 3932 αὖτομακαριότηςμῌαῦλος
2524 3864 2621 3931 ’γάρ
2674 3874 2827 3929 φησιν
2884 3872 2897 3896 ⁸
2916 3864 2944 3917 ὁ

1784 3948 2010 4015 μακάριος
2048 3950 2129 3999 καὶ
2162 3947 2307 4009 μόνος
2344 3946 2941 4009 δυναστῆς’-μετέδωκεν

1784 4031 1961 4093 ταύτης
1979 4029 2067 4093 τῆς
2088 4033 2415 4097 προσηγορίας
2436 4028 2671 4091 ἡμῖν...τό
2704 4027 2788 4080 οὖν
2828 4032 2843 4057 ⁸
2854 4048 2942 4091 μα-

1786 4111 1938 4176 κάριος
1954 4113 1968 4137 ’
1996 4110 2148 4173 ὄνομα
2178 4111 2265 4174 τῆς
2298 4110 2399 4163 κατ’
2434 4110 2611 4175 ἀρετήν
2643 4112 2945 4172 τελείοτητος

1788 4194 1991 4258 ὑπάρχει
2026 4193 2222 4257 καρπός.
2288 4195 2433 4245 With
2466 4195 2553 4245 the
2586 4201 2788 4259 present
2826 4208 2943 4242 con·

1788 4284 1893 4329 text
1915 4278 1979 4328 cf.
1997 4278 2155 4328 Thdt.
2177 4278 2253 4327 ad
2268 4279 2335 4328 l..·
2365 4275 2431 4328 το“
2467 4276 2760 4341 ἄτρεπτον
2794 4278 2945 4327 ἔδει·

1786 4360 1815 4419 ξ
1822 4376 1904 4421 εν,
1938 4356 2166 4422 μακόριον
2198 4358 2449 4419 ὀνομάσας·
2482 4355 2511 4407 ὁ
2543 4354 2637 4422 ’γὰρ
2670 4358 2817 4421 φύσει
2852 4375 2944 4418 μα-

1788 4439 1949 4505 κάριος
1969 4442 2191 4503 οὐδεμίαν
2214 4440 2398 4506 τροπὴν
2416 4442 2714 4507 ἐπιδέχεται.
