3250 5025
300 413 380 477 V.
413 413 630 498 4-6,]
852 426 940 477 IN
987 424 1092 479 ΕΡ.
1135 418 1262 477 AD'
1285 423 2030 479 THESSALomcENSEs
2076 425 2121 477 1.
2636 427 2713 491 33

432 608 450 633 ‘
469 620 626 666 nam
657 599 970 665 conuenit
1002 599 1271 685 (inquit)
1298 600 1675 684 prospicere
1706 598 2021 676 infideleS,
2044 618 2124 665 eo
2147 600 2328 683 quod
2349 601 2717 665 necessario

298 712 494 770 erunt
542 726 623 769 ea
669 724 843 787 quae
889 724 932 769 a
983 703 1174 768 nobis
1226 704 1551 781 dicuntur,
1597 702 1859 769 etiamsi
1905 702 2143 768 millies
2190 702 2350 767 nihil
2396 703 2533 769 tale
2579 704 2719 769 fieri

301 808 731 887 existiment;
805 806 926 872 sed
1001 807 1126 872 etsi
1202 808 1560 873 aestiment
1616 830 1691 873 se
1751 829 1898 873 esse
1957 829 2223 875 securos
2282 817 2350 874 et
2410 808 2719 877 libertate

300 908 552 976 arbitrii
599 930 796 993 agere
839 931 1012 994 quae
1056 909 1284 990 uelint,
1331 910 1449 975 sed
1496 912 1719 975 subito
1764 911 1893 975 illis
1941 912 2213 976 instabit
2258 911 2481 989 iudex,
2524 913 2717 978 sicuti

301 1022 373 1078 et
419 1011 682 1077 dolores
733 1012 1272 1097 praegnantibus,
1323 1014 1420 1078 ita
1468 1023 1542 1078 ut
1589 1034 1715 1078 nec
1761 1014 2079 1097 possibile
2136 1014 2225 1079 sit
2271 1035 2385 1078 eos
2435 1014 2719 1079 euadere
2792 1023 2823 1091 5

300 1113 626 1199 poenam.’
715 1114 802 1180 ad
857 1115 1084 1180 omnia
1135 1136 1294 1199 ergo
1334 1116 1588 1199 optime
1638 1114 1767 1180 hoc
1812 1115 2059 1180 abusus
2104 1125 2206 1181 est
2252 1114 2590 1199 exemplo,
2637 1137 2719 1180 eo

302 1219 484 1304 quod
531 1228 602 1285 et
643 1219 832 1303 graui
878 1218 1250 1285 subdentur
1290 1240 1548 1303 poenae
1599 1218 1845 1303 (grauis
1883 1220 2059 1284 enim
2092 1228 2195 1283 est
2223 1228 2453 1303 partus
2483 1239 2719 1303 praeg-

303 1324 560 1408 nanti);
618 1334 688 1389 et
734 1334 807 1390 ut
852 1323 1164 1389 ostendat
1212 1323 1527 1407 quoniam
1573 1322 1996 1407 praefinitum
2039 1332 2143 1388 est
2181 1344 2222 1387 a
2265 1322 2415 1386 Deo
2454 1329 2721 1404 tempus

302 1429 912 1505 consummationiS,
945 1429 1099 1493 licet
1127 1427 1335 1505 nobiS,
1367 1426 1532 1491 dum
1564 1427 1788 1493 subito
1814 1426 1907 1505 fit,
1941 1428 2191 1492 incerta
2222 1448 2367 1492 esse
2398 1426 2719 1493 uideatur.

305 1549 463 1593 nam
497 1537 565 1594 et
596 1524 986 1594 mulieribus
1019 1537 1288 1613 tempus
1332 1537 1564 1613 partus
1605 1529 1922 1594 definitus
1966 1550 2113 1594 esse
2159 1530 2441 1606 uidetur,
2486 1549 2719 1593 secun·
2756 1546 2835 1595 10

304 1631 468 1695 dum
502 1632 831 1697 mensium
865 1632 1044 1696 enim
1075 1630 1398 1697 curricula
1427 1642 1696 1715 partum
1728 1631 1947 1697 solent
1978 1640 2339 1715 expectare
2370 1630 2718 1711 mulieres3

307 1756 468 1799 uero
508 1744 735 1799 tamen
783 1744 1012 1818 partus
1057 1736 1262 1819 ipsius
1304 1738 1449 1801 dies
1495 1745 1598 1801 est
1642 1736 1772 1801 illis
1822 1736 2125 1813 incertuS,
2166 1756 2291 1800 nec
2330 1736 2507 1800 enim
2554 1736 2721 1801 scire

304 1846 602 1923 possunt,
655 1839 779 1904 nisi
827 1860 980 1904 cum
1031 1848 1304 1923 repente
1349 1839 1542 1905 dolor
1592 1850 1819 1925 partus
1872 1840 2003 1905 illis
2056 1841 2384 1905 institerit.
2476 1841 2721 1906 deinde

304 1952 374 2009 et
402 1944 489 2008 ad
522 1943 1057 2009 exhortationem
1090 1944 1382 2023 uertitur,
1417 1966 1506 2009 ex
1555 1944 2107 2029 praecedentibus
2139 1946 2427 2010 consiliis
2452 1967 2723 2011 sumens

306 2046 762 2111 occasionem:
2758 2052 2830 2119 15
2896 2096 2903 2104 .

434 2220 549 2265 uos
595 2210 828 2280 autem,
857 2201 1134 2283 fratres,
1167 2222 1293 2265 non
1331 2201 1484 2265 estis
1521 2201 1594 2265 in
1640 2201 1925 2279 tenebris,
1958 2211 2035 2266 ut
2068 2202 2206 2265 dies
2249 2200 2368 2266 illa
2415 2222 2529 2265 uos
2556 2209 2723 2266 tam-

304 2324 500 2385 quam
513 2303 655 2385 fur
678 2302 1172 2387 comprehendat.
1259 2324 1475 2368 omnes
1500 2304 1675 2367 enim
1707 2325 1820 2368 uos
1830 2303 1981 2388 filii
2006 2303 2280 2368 luminis
2306 2302 2461 2367 estis
2487 2312 2553 2367 et
2574 2303 2728 2389 filii

303 2403 442 2468 diei
451 2428 484 2481 ,·
528 2425 654 2469 non
682 2426 910 2470 sumus
939 2406 1140 2469 noctz‘s
1167 2427 1363 2489 neque
1391 2404 1820 2470 tenebrarum.

436 2532 752 2615 quoniam
785 2530 1000 2596 dixit:
1041 2531 1212 2596 sicut
1234 2532 1374 2614 fur
1399 2533 1470 2598 in
1502 2543 1676 2597 nocte
1709 2533 1805 2597 sic
1846 2533 2067 2610 ueniet,
2099 2532 2228 2596 hoc
2269 2535 2336 2596 in
2376 2531 2526 2597 Ioco
2556 2532 2723 2598 dicit

307 2636 624 2720 quoniam
686 2637 855 2697 ‘non
915 2635 1074 2699 estis
1135 2634 1202 2698 in
1262 2635 1576 2715 tenebriS,
1639 2635 2049 2718 cognouistis
2108 2635 2288 2699 enim
2348 2633 2721 2701 ueritatem.
2750 2651 2837 2699 20

302 2739 529 2822 itaque
577 2737 700 2801 etsi
755 2745 1027 2820 repente
1079 2738 1220 2802 dies
1266 2739 1488 2815 instat,
1535 2737 1653 2803 sed
1700 2759 1835 2801 non
1882 2758 2040 2822 erga
2080 2758 2201 2801 uos
2246 2736 2549 2802 ordinem
2594 2738 2722 2803 sibi

305 2841 603 2907 uindicat
650 2841 828 2919 furiS,
869 2841 983 2925 qui
1028 2840 1300 2907 iuuandi
1351 2843 1510 2906 estis
1562 2863 1651 2906 ex
1693 2843 1834 2907 eius
1879 2841 2220 2919 aduentu:
2263 2841 2381 2905 sed
2428 2839 2558 2906 illis
2603 2843 2717 2925 qui

306 2965 560 3009 noxam
629 2953 994 3028 expectant
1062 2942 1460 3029 poenalem.’
1575 2953 1643 3008 et
1704 2952 1777 3008 ut
1838 2944 2361 3026 recognitionem
2422 2943 2721 3010 sufficere

305 3045 430 3110 sibi
453 3047 868 3129 existiment,
902 3046 1142 3113 adicit:

433 3192 648 3278 {gitur
687 3213 812 3257 non
855 3191 1280 3272 dormiamus,
1308 3191 1479 3257 sicut
1517 3203 1580 3256 et
1618 3192 1809 3256 ceteri
1825 3215 1859 3268 ,·
1901 3191 2020 3255 sed
2052 3190 2397 3274 uigilemus
2432 3201 2495 3254 et
2518 3190 2725 3255 sobrii
2748 3207 2786 3255 2
2796 3207 2826 3274 5

405 3381 426 3418 ι
464 3383 569 3417 non
592 3364 706 3431 (χόν
725 3363 863 3430 nam)
892 3367 936 3416 C
953 3367 1022 3416 Η
1034 3383 1066 3416 r
1259 3381 1287 3416 2
1323 3374 1462 3416 erant
1490 3364 1569 3416 C*
1769 3384 1800 3427 4
1833 3370 1883 3414 et
1905 3364 2071 3414 subito
2098 3363 2175 3414 C*
2223 3371 2274 3415 et
2294 3381 2333 3414 S.
2362 3372 2481 3415 tunc
2507 3365 2552 3415 C
2569 3367 2717 3426 (corr)

305 3461 332 3514 7
379 3464 545 3514 poena
565 3449 634 3498 H
646 3465 678 3497 r
702 3445 710 3512 Ι
741 3449 1056 3513 praegnantis
1077 3448 1147 3497 H
1396 3461 1428 3511 9
1475 3447 1673 3497 uidetur
1693 3448 1758 3496 Η
2018 3462 2074 3496 12
2124 3461 2245 3496 uero
2274 3453 2378 3496 tam
2400 3446 2469 3495 Η
2544 3462 2718 3496 uerum

301 3537 472 3580 tamen
495 3546 526 3578 r
549 3526 558 3594 Ι
589 3529 688 3579 illis
707 3544 786 3579 om
808 3528 877 3578 Η
1065 3543 1124 3589 ¹4
1156 3535 1206 3578 et
1228 3545 1308 3579 om
1335 3528 1379 3578 C
1400 3525 1546 3592 (corr)
1579 3526 1589 3590 Ι
1613 3542 1729 3578 cum
1754 3527 1870 3577 filiis
1894 3525 2011 3592 (fir
2027 3525 2186 3592 cons.)
2212 3543 2243 3575 r
2438 3540 2495 3590 15
2530 3527 2600 3577 ait
2624 3527 2721 3591 (ast

303 3614 432 3674 occ.)
455 3612 562 3661 add
579 3613 644 3661 H
645 3627 679 3660 r
876 3624 934 3674 17
967 3627 1070 3661 non
1094 3610 1199 3677 (bes
1207 3610 1422 3677 compr.)
1446 3611 1550 3661 add
1565 3611 1635 3660 Η
1654 3615 1659 3621 ’
1821 3624 1883 3660 22
1930 3624 2047 3674 erga
2068 3609 2183 3660 illos
2206 3609 2320 3673 (for
2339 3607 2458 3670 illis)
2487 3609 2531 3659 C
2550 3606 2698 3674 (corr)

369 3793 418 3842 3.
484 3779 572 3831 sed
584 3779 844 3842 etsi...sed]
874 3779 961 3828 ἐὰν
985 3780 1040 3828 δὲ
1071 3777 1362 3830 καὶ...άλλᾶ.
1635 3789 1711 3842 17.
1766 3777 1886 3842 filii
1904 3775 2139 3838 luminis]
2197 3775 2267 3826 So
2292 3776 2422 3833 Hil„
2446 3776 2716 3835 Ambrstr.,

365 3862 416 3914 6.
481 3859 556 3912 a'd
579 3861 867 3912 omnia...e0
896 3862 1032 3925 quod
1057 3867 1214 3912 Δωρί
1248 3867 1318 3921 ut,
1347 3860 1462 3923 δια]
1561 3863 1664 3912 and
1688 3861 1753 3912 Ο.
1778 3861 1839 3910 L.
1862 3860 2146 3926 generally:
2180 3859 2351 3924 vulg..
2381 3863 2413 3886 “
2434 3859 2469 3908 f.
2488 3859 2668 3912 luci3.”

301 3944 479 4008 Chrys.
509 3942 616 3993 also
636 3943 810 4008 brings
832 3949 922 3992 out
949 3943 1075 3992 both
1097 3943 1238 3992 these
1260 3943 1462 4007 points:
1632 3958 1711 3992 20.
1777 3943 2070 4007 cognouistzk
2110 3941 2247 3991 enim
2295 3941 2575 4004 ueritatem]
2630 3943 2713 3992 cf.

301 4026 460 4077 Thdt.
484 4031 715 4075 contents
743 4023 952 4074 himself
981 4023 1106 4074 with
1129 4024 1354 4090 pressing
1374 4023 1462 4074 the
1565 4022 1823 4088 Pelagius:
1877 4022 2031 4086 “filii
2057 4022 2178 4070 lucis
2193 4039 2213 4079 ;
2256 4021 2493 4072 scientiae
2536 4023 2713 4074 uerita-

301 4105 519 4155 former:
597 4105 792 4168 σφόδρα
847 4105 1129 4168 πρόσφορον
1185 4106 1245 4156 τὸ
1300 4105 1455 4167 παρά·
1555 4104 1677 4156 tis.''
1746 4105 1817 4155 So
1861 4105 2044 4154 Thdt.:
2103 4105 2273 4154 σκότος
2308 4105 2399 4166 μὲν
2444 4109 2587 4156 καλεῖ
2624 4112 2715 4171 τὴν

300 4191 492 4249 δειγμα.
552 4189 630 4238 καὶ
653 4188 752 4250 ’γὰρ
773 4187 806 4247 ὴ
840 4189 1018 4237 κύουσα
1058 4188 1182 4256 οἶδεν
1213 4186 1294 4236 ὅτε
1317 4189 1458 4251 φέρει
1557 4186 1770 4247 ἄγνοιαν,
1816 4181 1999 4247 ἡμέραν
2040 4186 2094 4234 δὲ
2136 4188 2227 4247 τὴν
2262 4189 2461 4247 γνῶσιν.
2533 4187 2712 4252 Chrys.

295 4273 356 4321 τὸ
411 4273 634 4334 ἔμβρυον,
679 4271 850 4334 ἀγνοεῖ
897 4271 948 4320 δὲ
1001 4271 1086 4320 τὸν
1128 4272 1226 4320 τῶν
1282 4268 1456 4320 ὠδίνων
1555 4283 1621 4316 on
1667 4268 1753 4317 the
1792 4267 1935 4317 other
1978 4267 2131 4324 hand,
2176 4267 2411 4318 followed
2456 4269 2525 4332 by
2568 4269 2713 4328 Oec.,

297 4352 480 4416 καιρόν.
1557 4347 1767 4413 ΊἮΡΙιῐ.,
1796 4347 1981 4413 prefers
2003 4346 2089 4397 the
2110 4347 2293 4398 ethical
2314 4351 2713 4415 interpretation:

371 4449 447 4484 η.
513 4445 630 4482 uero
649 4430 839 4493 tamen]
864 4431 961 4483 See
981 4448 1062 4482 vv.
1083 4432 1138 4481 ll.
1189 4431 1301 4481 The
1323 4429 1454 4482 lexx.
1557 4430 1763 4479 ἐνταῦθα
1796 4429 1881 4478 τὸν
1914 4430 2157 4479 σκοτεινὸν
2186 4430 2267 4479 καὶ
2301 4427 2579 4492 ἀκάθαρτον
2610 4433 2717 4496 βίον

295 4514 411 4578 give
434 4529 502 4563 no
523 4513 748 4564 instance
770 4511 829 4561 of
843 4511 944 4561 this
963 4511 1324 4562 combination.
1559 4513 1729 4573 φησίν.

473 4625 524 4676 S.
587 4626 666 4676 11.
2503 4630 2537 4692 3
