3250 5025
344 325 423 390 V.
459 344 561 407 24,
595 328 730 413 25.]
1071 344 1154 394 1N
1205 345 1311 395 ΕΡ.
1359 345 1460 394 AD
1505 344 1969 398 TIMOTHEUM
2022 348 2067 398 1.
2645 348 2762 414 ¹73

473 513 671 596 †uult
716 521 935 585 dicere
975 521 1294 604 quoniam
1338 523 1510 587 sicut
1548 523 2078 608 delinquentium
2125 524 2473 588 hominum
2522 532 2591 586 et
2630 541 2763 584 non

345 632 524 686 recte
566 624 938 689 uiuentium
986 625 1230 690 delicta
1275 626 1631 690 manifesta
1674 637 1848 704 sunt,
1894 649 2067 711 quae
2114 628 2481 690 necessarie
2526 625 2652 689 illis
2696 625 2761 688 in

343 726 880 793 futurosaeculo
925 751 1177 814 poenas
1221 741 1378 794 sunt
1426 731 1793 814 prouisura,
1824 731 1977 794 licet
2031 731 2085 794 si
2134 739 2200 793 et
2247 730 2493 793 saciant
2541 730 2764 812 aliqua

340 854 514 916 quae
561 834 810 898 multos
863 835 1069 899 latere
1118 844 1474 918 poterunt;
1540 835 1635 897 sic
1688 844 1756 898 et
1805 834 1889 897 de
1943 834 2075 897 illis
2124 835 2237 916 qui
2301 843 2479 896 recte
2539 835 2764 896 uiuere

341 938 783 1017 instituerunt,
818 941 1103 1024 plurima
1141 941 1412 1024 quidem
1454 940 1719 1004 illorum
1761 940 2112 1003 manifesta
2152 946 2309 1002 sunt
2360 937 2757 1012 hominibuS,
2839 948 2871 1015 5

345 1053 503 1108 sunt
548 1046 754 1108 etiam
795 1055 862 1108 et
902 1046 1128 1128 aliqua
1172 1066 1342 1128 quae
1375 1045 1629 1108 lateant
1669 1041 2170 1106 multos—haec
2215 1042 2393 1105 enim
2434 1040 2761 1123 significat

343 1149 571 1213 dicens
600 1149 911 1213 similiter
935 1159 1000 1212 et
1023 1170 1186 1232 quae
1213 1169 1280 1212 se
1307 1148 1508 1211 aliter
1531 1146 1977 1210 habent—nec
2009 1145 2187 1208 enim
2227 1153 2506 1227 possunt
2538 1145 2763 1208 omnia

343 1253 594 1315 incerta
626 1274 788 1318 esse.
881 1255 1146 1336 ‘itaque
1177 1274 1260 1317 ne
1290 1253 1418 1316 hoc
1459 1252 1889 1335 pertimescas
1920 1271 2005 1313 ne
2036 1250 2306 1333 quando
2348 1269 2482 1312 non
2514 1249 2761 1312 bonam

344 1355 498 1418 hinc
574 1357 959 1438 opinionem
1038 1357 1371 1440 adquiras,
1446 1357 1741 1437 teipsum
1820 1374 2035 1436 aquae
2096 1363 2262 1437 potu
2324 1352 2760 1435 expenden33

345 1468 532 1525 utere
577 1483 736 1526 uero
785 1463 1035 1545 exiguo
1076 1463 1233 1526 uino
1274 1482 1396 1544 pro
1448 1463 1594 1543 ipsa
1644 1458 2047 1523 infirmitatis
2098 1458 2512 1532 necessitate,
2565 1455 2762 1519 ualde
2798 1471 2875 1518 10

343 1566 558 1629 sciens
603 1567 920 1648 quoniam
968 1574 1037 1629 et
1081 1564 1196 1628 illa
1249 1585 1421 1648 quae
1465 1563 1771 1628 homines
1816 1564 2169 1639 coniciunt,
2210 1563 2265 1626 si
2311 1571 2542 1626 tamen
2589 1559 2786 1626 recte‘

345 1670 667 1747 uiuamuS,
699 1670 877 1733 bona
925 1689 1068 1732 esse
1110 1668 1398 1751 plurima
1436 1689 1525 1731 ex
1575 1677 1768 1750 parte
1821 1669 2337 1750 perspicientur3
2383 1687 2503 1730 nec
2554 1665 2761 1729 ullam

345 1794 434 1836 ex
487 1773 588 1838 his
650 1777 1079 1840 nociuitatem
1133 1775 1624 1851 sustinebimuS,
1689 1772 1842 1836 licet
1903 1775 2257 1837 uideantur
2319 1771 2512 1835 multi
2574 1779 2763 1834 actus

347 1880 553 1942 nostri
585 1899 626 1942 a
656 1879 886 1943 multis
917 1877 1282 1962 ignoraril*

473 2037 794 2120 βούλεται
862 2040 1070 2107 εἰπεῖν
1129 2038 1232 2106 ὅτι
1278 2038 1507 2126 ὥσπερ
1560 2040 1648 2106 τὰ
1694 2043 1826 2106 τῶν
1878 2040 1991 2106 οὐκ
2034 2041 2101 2108 εὖ
2144 2040 2472 2121 βιούντων
2515 2037 2763 2124 α’νθρώ-
2798 2061 2867 2128 15

339 2172 493 2212 πων
531 2143 923 2227 πταίσματα
963 2143 1274 2229 πρόδηλά,
1312 2145 1498 2209 ἐστιν
1539 2141 1911 2228 α’νωγκαίως
1947 2143 2067 2226 τὴν
2106 2145 2220 2211 ἐπὶ
2259 2147 2378 2211 τοῦ
2404 2144 2764 2228 μέλλοντος

341 2245 576 2316 αἰῶνος
627 2244 943 2330 τιμωρίαν
1000 2244 1223 2315 αὐτοῖς
1281 2243 1635 2328 ἐπάγοντα,
1690 2246 1747 2313 εἰ
1804 2245 1917 2312 καὶ
1972 2247 2085 2330 (ὥς
2144 2245 2335 2330 εἰκὸς)
2398 2247 2552 2314 τινὰ
2606 2246 2763 2334 παρ’

339 2348 562 2415 αὐτῶν
603 2347 924 2416 λανθάνει
968 2348 1118 2420 τοὺς
1177 2348 1492 2419 πολλούς·
1553 2347 1763 2420 οὕτως
1815 2349 1927 2416 καὶ
1972 2349 2082 2416 ἐπὶ
2130 2355 2259 2416 τῶν
2312 2349 2766 2432 εὐσεβούντων

344 2452 432 2519 τὰ
489 2451 723 2519 πολλὰ
775 2451 897 2536 μὲν
954 2451 1258 2539 πρόδηλα
1315 2456 1454 2523 τοῖς
1515 2451 1888 2541 ἀνθρώποις
1947 2453 2151 2520 ἐστίν·
2262 2453 2395 2520 ὅσα
2452 2451 2523 2521 δέ
2580 2456 2767 2523 ἐστιν

343 2556 768 2623 λανθάνοντα
828 2555 974 2626 τοὺς
1032 2556 1330 2628 πολλοὺς
1391 2557 1631 2636 (ταῦτα
1680 2554 1810 2641 «γὰρ
1868 2556 2053 2643 λέγει
2112 2560 2184 2623 τοὶ
2234 2559 2447 2624 ἄλλως
2497 2560 2747 2647 exorna)
2795 2588 2880 2635 20

343 2661 474 2751 οὐχ
518 2650 678 2728 οῖόν’
701 2688 772 2728 τε
815 2660 1037 2727 πάντα
1083 2660 1300 2743 ἄδηλα
1345 2660 1530 2727 εἶναι.
1625 2670 1643 2695 ‘
1666 2659 1841 2727 ὥστε
1879 2652 2142 2750 (φησὶν)
2183 2662 2273 2746 μὴ
2308 2668 2503 2729 τοῦτο
2544 2662 2768 2734 δεδιώς

340 2764 433 2850 μὴ
481 2764 556 2831 οὖ
601 2762 910 2854 χρηστὴν
954 2764 1247 2831 ἐντεῦθεν
1298 2762 1486 2853 παρὰ
1535 2769 1673 2835 τοῖς
1727 2762 2097 2853 ἀνθρώποις
2144 2764 2492 2853 ὑπόληψιν
2534 2767 2769 2854 κτήσῃ,

345 2874 426 2955 τῇ
477 2868 850 2960 ὑδροποσίᾳ,
899 2867 1150 2935 σαυτὸν
1207 2868 1698 2935 κατανάλισκε·’
1786 2869 1965 2941 εἰδώς
2012 2867 2119 2936 ὅτι
2164 2870 2277 2937 καὶ
2318 2868 2361 2953 ἦ
2407 2871 2594 2960 παρὰ
2634 2878 2770 2944 τοῖς

345 2976 718 3063 ἀνθρώποις
763 2962 1138 3058 ὑπόληψις
1175 2972 1289 3039 ἐὰν
1331 2972 1512 3055 ἡμεῖς
1565 2971 1739 3038 κατὰ
1781 2972 1856 3039 τὸ
1897 2976 2240 3062 προσῆκον
2281 2974 2553 3059 βιῶμεν,
2597 2976 2765 3042 κατά

346 3106 424 3163 «γε
467 3079 541 3145 τὸ
590 3083 911 3145 πλεῖστον
949 3076 1287 3158 καλλίστη
1330 3077 1596 3160 «γίνεται,
1645 3076 1828 3143 οὐδὲν
1873 3076 2009 3144 ἀπὸ
2054 3077 2305 3145 τούτων
2348 3082 2764 3166 παραβλαπ-
2793 3098 2871 3164 25

345 3181 601 3266 τομένη,
647 3180 773 3247 κᾶν
810 3178 968 3265 δοκῇ
1009 3178 1244 3245 πολλὰ
1287 3183 1420 3245 τῶν
1465 3177 1614 3245 καθ’
1660 3178 1829 3262 ἡμᾶς
1874 3179 2023 3251 τοὺς
2062 3184 2358 3252 πολλοὺς
2399 3182 2764 3249 λανθάνειν.

451 3352 472 3386 1
509 3336 636 3387 sicut
658 3352 736 3386 om
761 3352 794 3384 r
935 3349 962 3382 ο
1000 3334 1317 3385 manifestata
1338 3334 1364 3382 l
1385 3332 1394 3398 Ι
1424 3334 1704 3384 necessario
1732 3333 1777 3381 C
1797 3332 1943 3397 (corr)
1999 3335 2277 3384 necessaria
2301 3337 2365 3384 Η
2412 3336 2713 3387 necessarias
2736 3355 2769 3385 r

347 3434 376 3481 3
411 3435 542 3483 pene
565 3418 684 3482 (sor
706 3416 914 3481 poenas)
954 3418 998 3466 C
1017 3418 1102 3465 H:
1137 3422 1222 3465 txt
1240 3431 1273 3464 r
1293 3416 1318 3465 1
1561 3434 1593 3478 4
1629 3416 1845 3479 poterint
1885 3417 1929 3464 C
1948 3414 2095 3480 (corr)
2344 3432 2371 3478 5
2407 3418 2723 3469 manifestata
2747 3422 2773 3468 l

351 3512 409 3548 ια
445 3498 809 3563 prospicientur
832 3513 866 3546 r
1029 3512 1087 3560 13
1125 3498 1330 3547 uideant
1364 3497 1430 3546 H
1589 3512 1646 3559 14
1680 3495 1908 3559 ignorare
1934 3496 2013 3544 C*
2037 3497 2104 3544 H
2263 3513 2317 3560 15
2360 3512 2434 3560 sq.
2464 3498 2617 3547 Coisl.
2649 3512 2759 3559 204,

345 3580 380 3628 f.
411 3594 502 3641 207
529 3580 563 3627 b
583 3578 696 3641 [Cr.
720 3578 806 3627 vii.
834 3578 921 3641 44]
944 3578 1188 3639 θεόδωρος.
1257 3577 1408 3627 ἄλλος
1443 3576 1493 3625 δὲ
1525 3578 1675 3625 πάλιν
1704 3577 1869 3637 φησίν·
1902 3578 2149 3638 βούλεται,
2188 3579 2341 3625 κ.τ.λ.
2544 3577 2602 3628 16
2638 3580 2763 3638 δῆλα

348 3662 463 3709 cod.
490 3661 574 3711 Cr.
595 3679 602 3687 ·

419 3811 464 3845 ι.
529 3796 646 3845 uult
705 3796 1170 3861 disere...igrwran']
1249 3796 1398 3847 Cited
1436 3798 1504 3862 by
1604 3797 1681 3847 sar
1713 3814 1769 3848 as
1804 3799 1829 3848 1
1874 3815 1968 3849 can
2015 3799 2136 3859 find,
2185 3798 2239 3849 in
2283 3799 2582 3866 connecting
2624 3803 2765 3854 thoee

349 3876 615 3927 Lanfranc.
1604 3894 1771 3928 verses
1806 3880 1928 3929 with
1966 3898 2012 3927 v.
2040 3896 2117 3945 23.
2186 3881 2385 3946 Chrys„
2436 3883 2613 3945 Thdt.,
2664 3886 2763 3935 and

413 3959 544 4008 sicut
626 3960 1038 4026 delinquentium,
1105 3962 1222 4025 &c.]
1318 3962 1503 4029 Comp.
1562 3974 1566 3979 ·
1607 3960 1692 4010 the
1738 3968 1833 4010 rest
1879 3962 1938 4011 of
1975 3962 2060 4012 the
2105 3972 2491 4015 commentators
2527 3983 2673 4031 agree
2712 3968 2765 4018 in

354 4042 550 4107 Pelag.:
577 4044 977 4109 “subsequuntur
990 4045 1042 4093 in
1064 4045 1230 4096 futuro
1251 4045 1500 4097 iudicio...
1607 4042 1873 4109 regarding
1910 4060 1959 4093 v.
1994 4058 2056 4107 ²3
2091 4060 2147 4094 as
2186 4047 2525 4111 parenthetic;
2560 4049 2621 4099 cf.
2662 4066 2758 4115 e.g.

348 4140 474 4189 quae
519 4124 667 4175 aliter
709 4142 782 4175 se·
809 4126 1004 4177 habent.
1055 4128 1208 4179 etiam
1262 4145 1391 4194 quae
1439 4129 1506 4179 ad
1608 4126 1764 4176 Thdt.
1805 4128 1879 4175 ad
1916 4127 1969 4176 h.
2000 4128 2061 4177 L:
2093 4131 2180 4179 τὸν
2208 4132 2319 4191 περὶ
2350 4132 2438 4191 τῆς
2469 4136 2765 4194 χειροτονίας

343 4213 542 4272 tempus
581 4207 740 4258 latent
767 4208 920 4270 [sacta
953 4209 1123 4271 bonal,
1162 4226 1266 4260 non
1299 4219 1508 4277 possunt
1604 4204 1939 4271 ἀναλαμβάνει
1958 4207 2123 4271 λόγον.

345 4288 532 4338 diutius
553 4288 844 4339 occultari.”
911 4290 1032 4341 And
1066 4291 1166 4341 this
1188 4292 1231 4343 is
1257 4292 1343 4342 the
1364 4293 1506 4343 usual
1674 4306 1724 4358 9.
1752 4312 1761 4319 ·
1790 4292 2371 4358 teipsum...expendcns]
2444 4292 2539 4345 See
2574 4295 2677 4346 Gk.
2704 4297 2756 4358 (l.

343 4372 724 4435 interpretation
761 4372 820 4421 of
844 4374 1252 4423 ἐπακολουθοῦσιν
1297 4375 1398 4423 and
1439 4375 1506 4424 τὰ
1608 4375 1709 4436 23),
1738 4374 1838 4423 and
1862 4374 1925 4424 cs.
1954 4386 2012 4425 ιι.
2041 4392 2091 4440 p.
2118 4374 2199 4438 56,
2222 4376 2255 4425 1.
2292 4390 2361 4437 ιι,
2388 4386 2519 4429 note.

343 4452 506 4503 ἄλλως
527 4456 724 4516 ἔχοντα.
797 4455 894 4505 But
927 4455 1024 4505 Th.
1053 4456 1226 4505 stands
1258 4454 1420 4515 alone,
1448 4472 1505 4506 as
