3250 5025
343 375 431 441 ΙΙ.
473 377 771 462 12—14]

1046 392 1128 443 IN
1178 393 1283 445 ΕΡ.
1330 394 1435 445 ΑΙ)
1481 394 1950 451 TIMOTHEUM
1995 400 2072 450 11.

2631 397 2760 465 207

470 568 857 635 ‘indubium
889 570 1159 655 (inquit)
1192 582 1295 637 est
1332 572 1479 653 hoc,
1511 576 1832 659 quoniam
1874 598 1996 642 nos
2032 574 2146 660 qui
2192 572 2766 641 communicamus

338 671 471 737 illis
512 695 684 758 quae
726 674 1053 739 deteriora
1099 686 1277 754 sunt,
1332 679 1700 743 necessarie
1758 678 2400 743 communicabimus
2454 675 2513 741 ei
2577 685 2647 741 et
2696 675 2766 741 in

338 776 469 840 illis
498 798 672 860 quae
704 778 979 842 meliora
1009 777 1200 845 sunt.’
1262 788 1330 844 et
1361 783 1724 847 ostendens
1756 783 1940 848 lucra
1968 804 2142 867 quae
2173 803 2262 846 ex
2295 780 2767 862 compassione

334 879 555 944 solent
606 881 883 964 adquiri,
933 881 1096 945 dicit
1142 882 1345 946 etiam
1401 882 1563 948 illud
1619 885 2100 951 detrimentum
2148 888 2335 972 quod
2394 887 2526 951 illis
2587 887 2767 951 solet

342 984 608 1048 euenire
635 986 749 1068 qui
781 987 848 1049 in
881 984 1013 1049 fide
1042 986 1395 1069 persistere
1426 988 1824 1056 noluerunt:

471 1129 540 1193 si
564 1130 955 1215 negabimus,
987 1141 1051 1195 et
1078 1131 1187 1196 ille
1216 1133 1481 1216 negabit
1506 1155 1638 1199 nos·

471 1257 716 1322 deinde
777 1278 861 1323 ne
906 1259 1245 1323 uideretur
1292 1260 1661 1325 secundum
1716 1280 2002 1345 aequam
2051 1270 2314 1345 partem
2376 1268 2446 1326 et
2505 1259 2651 1344 ipse
2723 1279 2768 1323 a

335 1360 535 1426 nobis
568 1373 849 1446 negatus
880 1366 1118 1441 noceri,
1152 1366 1398 1430 adiecit
1428 1386 1443 1429 :

467 1499 536 1564 si
562 1521 685 1563 non
714 1501 1045 1580 credimm,
1080 1502 1187 1567 ille
1197 1502 1427 1587 fidelis·
1456 1512 1679 1567 manet
1691 1526 1722 1578 ,·
1768 1522 2003 1586 negare
2026 1501 2306 1585 set-'psum
2337 1523 2464 1566 non
2480 1508 2706 1586 potest.

472 1638 630 1681 narn
677 1619 791 1684 illa
836 1642 1011 1704 quae
1054 1643 1097 1686 a
1140 1624 1332 1688 nobis
1386 1623 1934 1688 inconuenienter
1985 1623 2154 1688 fiunt
2207 1622 2425 1707 [nobis
2475 1619 2766 1704 nocent],
2801 1638 2880 1686 10

342 1716 453 1784 ille
503 1742 661 1786 uero
712 1724 894 1789 nulla
941 1746 1031 1789 ex
1084 1735 1275 1808 parte
1328 1735 1644 1806 nocetur;
1692 1734 1924 1791 manet
1975 1727 2225 1791 etenim
2275 1726 2342 1789 in
2389 1747 2511 1789 sua
2551 1727 2767 1809 gloria

341 1826 595 1890 stabilis
642 1847 719 1891 ac
764 1828 1010 1905 firmuS,
1058 1850 1182 1894 nec
1225 1841 1451 1895 autem
1483 1840 1768 1915 possunt
1816 1831 1944 1895 ista
1995 1831 2223 1915 negari
2269 1851 2442 1915 quae
2487 1828 2556 1895 in
2603 1829 2767 1913 ipsis

343 1930 834 2012 perspiciuntur
862 1932 1171 2016 negotiis,

470 2056 622 2121 haec
648 2077 977 2135 commone,
1013 2058 1362 2142 testzflcans
1392 2079 1612 2123 coram
1642 2057 1948 2123 Domine).

472 2178 647 2243 bene
678 2179 855 2242 dixit
888 2178 1259 2262 testzflcans,
1291 2188 1365 2245 ut
1398 2180 1467 2244 in
1498 2180 1813 2244 timorem
1845 2201 2001 2245 eum
2034 2181 2314 2266 redigat.

472 2321 611 2386 noli
653 2320 868 2385 uerbis
917 2330 1217 2403 pugnare
1235 2344 1268 2398 ‚·
1332 2324 1404 2386 in
1455 2322 1634 2388 nihil
1677 2324 1837 2388 utile
1884 2334 1984 2389 est
2037 2324 2176 2390 nisi
2231 2324 2304 2390 in
2361 2324 2768 2391 subuersione

343 2426 773 2491 audientium.

447 2581 469 2616 1
508 2581 611 2616 non
646 2573 722 2616 est
758 2565 970 2616 dubium
1008 2565 1172 2631 inquit
1208 2567 1307 2617 hoc
1340 2583 1432 2617 nos
1470 2583 1503 2617 r

1713 2583 1741 2619 α
1775 2567 2056 2618 necessario
2077 2582 2112 2616 r
2304 2566 2337 2619 6
2369 2567 2716 2632 negauerimus
2739 2584 2772 2617 r

344 2655 373 2710 7
408 2647 516 2712 ipse
548 2663 581 2696 a
608 2647 755 2698 nobis
791 2648 1009 2712 negastis
1042 2648 1151 2711 [sic]
1185 2648 1353 2698 noceri
1392 2649 1437 2698 C
1445 2647 1469 2674 ‘¹
1541 2647 1638 2714 ipsi
1671 2649 1818 2699 nobis
1851 2649 2148 2714 negantibus
2181 2664 2361 2699 nocere
2393 2665 2427 2699 r
2449 2647 2640 2714 Indicit
2675 2651 2720 2699 C
2738 2666 2772 2699 r

349 2745 408 2779 ιο
439 2729 586 2779 nobis
606 2737 792 2780 nocent
812 2746 893 2779 om
920 2731 963 2780 C
979 2730 1073 2780 H:
1112 2735 1194 2779 txt
1212 2747 1245 2779 r

349 2815 394 2864 C
411 2815 480 2864 H
492 2829 525 2862 r
834 2828 893 2875 14
926 2827 1191 2862 commune
1220 2828 1255 2863 r

1411 2745 1464 2781 11
1504 2729 1579 2780 illi
1608 2731 1698 2780 Cr

1562 2825 1619 2875 15
1657 2812 1834 2863 timore
1862 2813 2027 2863 C'H
2079 2811 2131 2861 in
2155 2812 2334 2862 timore
2361 2813 2404 2861 C
2425 2810 2604 2877 (συνῆς
2638 2820 2718 2862 txt
2737 2830 2770 2862 r

1873 2747 1931 2781 12
1966 2731 2119 2781 etiam
2144 2728 2260 2794 (for
2278 2728 2466 2794 autem)
2490 2747 2524 2780 r
2547 2729 2556 2796 Ι
2586 2747 2768 2794 negare

347 2893 407 2944 16
440 2895 743 2945 contendere
766 2893 883 2959 (sor
901 2891 1145 2959 pugnare)
1169 2910 1202 2943 r
1226 2891 1235 2959 Ι
1265 2893 1330 2944 ad
1352 2893 1565 2944 nihilum
1588 2895 1725 2944 enim
1747 2911 1794 2944 u.
1821 2910 1864 2946 e.
1893 2893 1990 2944 nisi
2011 2895 2078 2944 ad
2100 2894 2474 2945 subuersionem
2496 2910 2529 2944 r
2552 2893 2562 2960 Ι
2591 2901 2666 2945 est
2686 2911 2766 2946 om

349 2975 394 3024 c
414 2973 563 3039 (corr)

412 3106 455 3140 1.
516 3089 789 3139 indubium
824 3088 1026 3154 (inquit)
1058 3095 1131 3138 est
1159 3088 1265 3151 hoc]
1324 3088 1505 3139 Thdt.=

340 3172 451 3221 ἀντὶ
502 3173 591 3220 τοῦ
644 3171 845 3230 ἀληθής,
891 3172 1257 3233 ἀναμφίλεκτος,
1306 3171 1505 3233 ψεύδους

343 3254 603 3316 ἐλεύθερος.
664 3253 742 3302 Cf.
768 3264 829 3301 11.
854 3267 907 3317 p.
935 3265 1013 3319 79,
1035 3253 1071 3303 1.
1106 3265 1181 3315 17.
1205 3259 1341 3303 note.

410 3351 457 3384 α.
523 3333 993 3383 communicabimus
1024 3333 1087 3390 ei,
1112 3333 1227 3395 δια]
1295 3333 1381 3383 On
1416 3333 1501 3383 the

341 3413 681 3468 construction
712 3431 797 3466 see
832 3426 867 3464 1.
906 3431 959 3480 p.
986 3427 1035 3476 5,
1075 3415 1109 3464 1.
1151 3431 1193 3474 1,
1232 3423 1367 3464 note.
1440 3415 1503 3464 In

343 3499 431 3549 the
452 3498 724 3564 preceding
744 3497 927 3557 clause,
954 3496 1013 3546 in
1041 3511 1255 3561 appears
1288 3503 1341 3545 to
1372 3495 1503 3546 have

340 3581 494 3632 fallen
516 3587 604 3630 out
625 3579 797 3629 before
818 3579 939 3627 mate.
1002 3579 1095 3628 Ex
1114 3579 1495 3642 compassione=

343 3666 401 3714 ἐκ
443 3659 531 3712 τοῦ
572 3661 901 3722 συμπάσχειν.
999 3659 1080 3709 Cf.
1126 3661 1266 3709 Tert-
1311 3674 1496 3709 resurr.

342 3763 487 3798 carn.
526 3762 618 3809 40:
666 3744 759 3794 “si
792 3759 883 3808 per
914 3757 1116 3792 carnem
1148 3740 1496 3806 compatimur,

343 3829 483 3880 cuius
520 3835 595 3877 est
634 3825 837 3892 proprie
872 3824 1189 3889 passionibus
1227 3824 1496 3888 corrumpi,

341 3911 567 3962 eiusdem
583 3910 679 3958 erit
700 3916 752 3958 et
772 3907 909 3974 quod
938 3921 1052 3971 pro
1084 3905 1503 3971 compassione

342 3989 701 4058 promittitur.’'

414 4088 491 4124 ιο.
547 4087 668 4122 nam
702 4071 794 4120 illa
826 4086 965 4136 quae,
1004 4067 1119 4134 δια]
1192 4067 1219 4118 Ι
1252 4069 1383 4118 have
1414 4067 1502 4118 ad-

343 4153 525 4205 mitted
546 4153 633 4203 the
653 4153 820 4203 words
841 4151 1007 4202 which
1030 4151 1163 4202 Rab.
1194 4149 1415 4215 supplies
1448 4156 1502 4198 to

343 4237 493 4288 make
527 4236 662 4302 good
701 4235 786 4285 the
821 4251 997 4297 sense;
1036 4235 1127 4284 but
1164 4233 1250 4284 the
1288 4231 1502 4302 original

343 4319 553 4383 reading
574 4331 691 4381 may
712 4316 838 4366 have
858 4316 1024 4366 been:
1064 4316 1235 4365 “nam
1255 4313 1344 4364 illa
1371 4312 1500 4378 qui-

343 4403 475 4453 dem
498 4418 531 4450 a
563 4401 711 4451 nobis
734 4399 833 4449 inc.
856 4397 887 4448 fi
900 4416 919 4460 ;
952 4397 1038 4447 ine
1058 4413 1195 4458 uero,
1204 4394 1235 4418 ''
1256 4395 1345 4448 &c.
1418 4395 1504 4446 On

342 4485 429 4534 the
467 4483 612 4533 other
648 4483 784 4534 hand
822 4483 885 4533 cs.
920 4484 1099 4534 Thdt.:
1134 4483 1351 4532 διδάσκει
1384 4481 1444 4531 ὡς
1476 4481 1503 4530 ὁ

1607 3087 1887 3153 ἀρνούμενος
1909 3085 2056 3139 αὐτὸν
2078 3091 2167 3150 μὲν
2196 3089 2251 3138 οὔ
2276 3089 2482 3153 βλάψει,
2511 3089 2681 3140 ἑαυτὸν
2715 3090 2766 3140 δὲ

1602 3170 1900 3234 λωβήσεται.
1971 3171 2332 3221 Illi...nocetur
2378 3169 2475 3235 (w.
2526 3169 2600 3234 11.)
2647 3171 2690 3220 is
2733 3185 2766 3219 a

1601 3253 1914 3314 correction3
1952 3253 2018 3303 cf.
2053 3265 2090 3302 1.
2125 3269 2178 3317 p.
2212 3251 2293 3316 67,
2331 3251 2365 3302 1.
2411 3267 2458 3310 1,
2489 3257 2624 3312 note,
2663 3251 2766 3300 and

1602 3337 1779 3394 above,
1803 3352 1856 3401 p.
1881 3334 1993 3394 206,
2016 3335 2052 3385 1.
2087 3349 2164 3383 11.

1675 3416 1750 3467 16.
1810 3416 1918 3466 noli
1952 3433 2004 3464 u.
2032 3415 2287 3480 pugnare]
2363 3417 2432 3476 μὴ
2469 3409 2756 3476 λογομάχει.

1603 3497 1716 3546 The
1750 3511 1936 3545 comm.
1967 3496 2040 3560 (p.
2069 3497 2181 3555 208,
2209 3495 2243 3544 1.
2271 3495 2322 3556 α)
2355 3508 2516 3543 seems
2549 3501 2604 3542 to
2625 3494 2762 3544 shew

1603 3581 1714 3631 that
1731 3580 1846 3642 this,
1865 3580 1950 3630 the
1965 3580 2170 3643 reading
2183 3579 2242 3628 os
2253 3579 2338 3628 the
2353 3578 2502 3628 Latin
2519 3577 2758 3637 versions,

1602 3679 1708 3714 was
1761 3664 1868 3712 also
1922 3662 2158 3712 followed
2212 3661 2283 3724 by
2336 3658 2437 3709 Th.
2523 3660 2765 3724 Regnare

1604 3743 1800 3807 (Vulg,
1859 3741 2211 3791 “contendere
2225 3739 2275 3802 '')
2331 3739 2462 3789 finds
2513 3740 2659 3804 place
2708 3738 2762 3788 in

1602 3826 1885 3884 Ambrstr.;
1931 3824 1984 3874 in
2021 3824 2105 3874 the
2140 3831 2240 3874 rest
2279 3822 2338 3872 of
2377 3823 2462 3873 the
2496 3839 2636 3873 verse
2670 3838 2762 3872 our

1603 3905 1868 3957 translator
1890 3921 2062 3970 agrees
2084 3905 2206 3954 with
2235 3903 2472 3961 Claram„
2495 3903 2763 3968 excepting

1601 3986 1712 4036 that
1735 3985 1821 4035 the
1853 3985 2000 4035 latter
2031 3984 2300 4049 authority,
2333 3984 2457 4034 with
2491 3984 2578 4033 the
2610 3984 2761 4034 Latin

1602 4067 1824 4118 versions
1873 4066 2143 4133 generally,
2188 4066 2316 4116 adds
2372 4069 2402 4094 “
2419 4063 2605 4123 enim‚”
2659 4066 2760 4115 and

1602 4151 1752 4201 omits
1773 4151 1898 4201 nisi.
1961 4151 2096 4208 Μετ’,
2119 4150 2159 4199 it
2187 4148 2292 4198 will
2324 4149 2389 4198 be
2421 4149 2680 4209 observed,
2717 4149 2761 4200 is

1602 4233 1814 4285 omitted
1832 4235 1899 4299 by
1917 4235 1962 4283 C
1978 4234 2078 4285 and
2095 4233 2161 4284 H
2169 4233 2222 4282 in
2243 4233 2330 4283 the
2351 4247 2534 4282 comm.
2561 4233 2632 4297 (p.
2649 4233 2759 4292 208,

1602 4316 1640 4366 1.
1654 4318 1722 4380 3).
1769 4316 1868 4366 Th.
1881 4331 1984 4366 was
2005 4315 2252 4380 probably
2265 4322 2316 4364 at
2330 4329 2426 4364 one
2439 4314 2562 4364 with
2577 4314 2756 4378 Chrys·

1602 4399 1706 4448 and
1736 4397 1892 4447 Thdt.
1914 4397 1968 4446 in
1999 4397 2206 4462 reading
2239 4398 2305 4445 εἰς
2337 4398 2471 4446 οὐδὲν
2500 4397 2756 4457 χρήσιμον,

1604 4475 2046 4541 ἑπῖκαταστροφῇ,
2073 4481 2220 4528 κ.τ.λ.
2288 4479 2361 4529 So
2381 4477 2469 4528 the
2491 4478 2711 4529 Peshito.

2803 2199 2873 2268 15
