3250 5025
457 1602 538 1649 10

459 2705 545 2751 20

559 388 648 437 20
1230 385 1691 439 THEODORUS
1738 384 2328 439 MOPSUESTENUS
2420 370 2581 455 [ΙΙΙ.
2609 390 2635 436 ι
2654 372 2898 461 1-71V.
2928 388 2981 435 1.

690 556 820 640 ipse
845 567 1062 622 autem
1089 556 1273 621 Deus
1298 566 1362 621 et
1386 566 1584 641 pater
1609 567 1823 621 noster
1851 567 1914 621 et
1940 555 2244 620 dominus
2272 566 2487 620 noster
2514 557 2699 621 Iesus
2726 554 2987 638 dirigat

557 660 739 725 uiam
770 672 1058 726 nostram
1086 660 1184 725 ad
1203 682 1331 726 uos.

689 786 817 851 hoc
866 787 972 851 uel
1015 788 1314 853 maxime
1358 787 1711 865 desiderat,
1746 797 1821 851 ut
1857 796 1924 851 et
1960 787 2277 865 oratione,
2311 785 2682 868 postularet
2723 784 2789 848 id
2822 784 2982 848 fieri.

559 890 654 953 sic
685 882 752 954 et
790 891 875 954 ad
919 889 1341 955 tolerantiam
1377 891 1876 956 durissimarum
1921 891 2421 955 tribulationum
2453 889 2817 955 adhortans
2848 910 2982 964 e05,

499 1012 531 1079 5
561 994 862 1058 oratione
891 994 1072 1057 dicta
1099 1015 1222 1058 sua
1251 992 1636 1059 confirmat:

693 1165 807 1208 uos
848 1156 1066 1209 autem
1111 1144 1442 1210 Dominus
1485 1145 1875 1229 multiplicet,
1920 1156 1987 1210 et
2024 1145 2358 1210 abundare
2383 1145 2609 1228 faciat
2644 1142 2985 1208 caritatem

563 1242 632 1307 in
680 1243 952 1312 inuicem
980 1256 1043 1310 et
1082 1248 1152 1310 in
1179 1268 1408 1323 omnes,
1438 1247 1606 1311 sicut
1643 1259 1707 1311 et
1746 1269 1860 1311 nos
1901 1248 1971 1310 in
2012 1270 2139 1323 uos,
2178 1247 2274 1311 ad
2307 1245 2751 1331 confirmanda
2793 1243 2987 1308 corda

559 1361 778 1413 uestra
826 1352 969 1415 sine
1013 1353 1267 1433 querela
1320 1351 1388 1414 in
1430 1350 1930 1435 sanctificatione
1972 1370 2187 1413 coram
2238 1350 2375 1413 Deo
2423 1361 2487 1414 et
2525 1359 2723 1432 patre
2772 1358 2987 1412 nostro

563 1451 632 1515 in
662 1452 944 1516 aduentu
973 1453 1228 1516 domini
1254 1452 1465 1516 nostri
1489 1453 1640 1516 Iesu
1667 1473 1812 1515 cum
1840 1452 2137 1515 omnibus
2162 1452 2405 1515 sanctis
2430 1452 2587 1515 eius.

692 1580 972 1644 ‘adiciat
1001 1580 1269 1663 (inquit)
1303 1580 1492 1644 uobis
1521 1589 1591 1645 et
1619 1580 1688 1643 in
1722 1580 2006 1644 inuicem
2048 1589 2118 1643 et
2155 1599 2316 1662 erga
2354 1598 2587 1643 omnes
2618 1578 2983 1655 caritatem,

562 1683 765 1749 talem
813 1682 998 1748 illam
1047 1685 1114 1747 in
1169 1683 1360 1748 uobis
1407 1683 1715 1761 efficienS‚
1758 1683 1973 1766 qualis
2022 1692 2089 1746 et
2142 1684 2208 1746 in
2253 1682 2447 1747 nobis
2489 1685 2575 1748 de
2616 1684 2807 1747 uobis
2846 1695 2987 1761 est3

562 1796 629 1851 et
677 1785 1025 1851 confirmet
1075 1788 1143 1850 in
1197 1786 1330 1851 fide
1383 1797 1679 1850 mentem
1728 1797 2035 1863 uestram,
2084 1786 2180 1850 ita
2227 1798 2300 1851 ut
2348 1790 2795 1869 permaneatis
2842 1791 2986 1853 sine

561 1890 851 1965 crimine,
882 1890 970 1953 ab
1014 1891 1197 1953 omni
1238 1910 1359 1953 uos
1395 1888 1781 1954 cohibentes
1830 1889 2322 1954 inconuenienti
2354 1902 2506 1955 actu
2528 1889 2758 1955 '—hoc
2808 1894 2986 1956 enim

559 1976 727 2054 'dicit
759 1990 828 2053 in
857 1992 1212 2055 sanctitate.
1267 1998 1413 2073 ‘per
1432 2011 1636 2079 quam
1662 1991 1963 2073 poteritis
1982 1992 2185 2055 etiam
2213 1992 2278 2055 in
2306 1990 2527 2055 futuro
2546 1993 2654 2055 die
2674 1992 2985 2056 fiduciam

565 2200 633 2265 in
665 2201 945 2265 uirtute.’

462 2114 531 2180 15
564 2100 650 2161 ad
684 2097 904 2162 Deum
937 2097 1230 2180 adsequi,
1261 2116 1412 2159 cum
1453 2096 1689 2160 ceteris
1727 2095 2036 2160 omnibus
2075 2096 2189 2178 qui
2230 2096 2475 2179 placite
2515 2106 2991 2160 conuersantur

697 2351 777 2415 de
809 2361 1021 2428 cetera,
1049 2352 1330 2434 fratres,
1364 2372 1675 2435 rogamus
1716 2372 1832 2416 uos
1869 2362 1935 2416 et
1980 2352 2379 2416 obsecramus
2420 2352 2491 2414 in
2530 2352 2787 2416 domino
2824 2354 2990 2428 Iesu,

565 2456 736 2524 sicut
783 2456 1108 2540 accapistis
1155 2478 1200 2520 a
1259 2457 1441 2522 nobis
1498 2455 2039 2539 quemadmodum
2095 2455 2434 2520 conueniat
2488 2476 2603 2520 uos
2658 2457 2994 2522 ambulare

564 2570 627 2624 et
638 2561 889 2642 placere
912 2557 1064 2636 Dee,
1095 2570 1172 2624 ut
1195 2559 1534 2624 abundetis
1562 2560 1795 2642 magis.

699 2679 998 2750 diximus
1057 2695 1125 2750 et
1185 2687 1252 2750 in
1314 2695 1713 2769 argumento
1770 2685 2047 2760 dudum,
2119 2685 2438 2767 quoniam
2514 2683 2875 2750 Timotheo
2948 2707 2991 2749 a

668 2871 697 2920 3
731 2853 1008 2906 orationem
1036 2852 1113 2903 C‘
1137 2870 1172 2902 r
1379 2872 1410 2915 4
1443 2853 1510 2902 ad
1529 2869 1608 2902 om
1633 2869 1667 2901 r

567 2953 646 2988 om
669 2954 704 2986 r
934 2951 992 2998 13
1027 2934 1414 2984 inconuenientu
1437 2935 1505 2984 H

1862 2851 1896 2902 6
1929 2851 2136 2901 caritate
2162 2852 2207 2901 C
2228 2849 2373 2915 (corr)
2576 2866 2635 2902 10
2669 2851 2721 2902 in
2744 2850 2985 2917 (bqfinu.)

1726 2948 1784 2997 14
1818 2933 1970 2982 etiam
1994 2948 2071 2981 om
2095 2949 2130 2981 r

641 3088 686 3122 ι.
763 3073 994 3122 dominus
1055 3080 1220 3123 noster
1273 3074 1344 3135 I.]
1431 3070 1575 3122 Th.’s
1630 3078 1735 3122 text
1836 3071 2001 3134 κυρίως
2034 3071 2124 3130 μὲν
2166 3071 2267 3134 γὰρ
2311 3070 2555 3133 ἁγιωσύνῃ
2597 3073 2797 3136 λέγεται
2831 3074 2864 3136 ἠ
2899 3093 2989 3126 σω-

570 3161 702 3205 must
759 3155 888 3204 have
943 3156 1154 3204 omitted
1197 3155 1423 3217 Χριστός,
1479 3155 1645 3204 which
1688 3154 1731 3202 is

571 3237 728 3287 found
763 3237 816 3286 in
851 3237 1029 3301 Chrys.
1069 3239 1170 3286 and
1205 3239 1393 3298 Thdt.;
1438 3237 1604 3288 unless
1640 3254 1734 3287 our

572 3321 839 3371 translator
869 3321 960 3370 has
993 3321 1120 3370 been
1154 3321 1330 3371 misled
1365 3323 1434 3384 by
1461 3321 1541 3370 his
1573 3321 1729 3370 recol-

572 3402 758 3452 lection
796 3401 856 3451 of
893 3401 978 3452 the
1019 3402 1082 3452 O.
1129 3403 1191 3450 L.
1259 3405 1375 3452 Am.
1419 3402 1508 3452 has
1545 3402 1731 3466 simply

575 3481 852 3531 “dominus
875 3479 1070 3541 Iesu5,”
1088 3483 1231 3532 Fuld.
1259 3483 1386 3532 adds
1405 3480 1731 3539 “chrisma”

573 3562 673 3612 and
704 3579 761 3611 so
791 3562 877 3612 the
901 3562 1215 3612 Clementine
1238 3562 1391 3626 Vulg.
1460 3562 1538 3612 cf.
1566 3578 1612 3611 v.
1650 3578 1725 3626 13,

574 3643 740 3692 where
761 3642 846 3692 the
867 3657 1004 3691 same
1025 3641 1250 3690 remarks
1269 3642 1438 3706 apply.

638 3724 690 3775 6.
754 3724 1032 3785 cantarem]
1089 3725 1160 3774 So
1191 3725 1278 3774 the
1311 3725 1378 3774 Ο.
1403 3725 1463 3773 L.
1501 3724 1560 3774 of
1571 3725 1624 3789 f
1632 3725 1731 3773 and

568 3821 619 3872 g.
661 3807 766 3870 and
805 3806 892 3856 the
931 3806 1083 3872 Vulg.
1129 3805 1190 3856 of
1229 3810 1367 3866 Am„
1407 3807 1586 3865 Fuld.;
1642 3807 1734 3856 but

575 3894 663 3935 not
703 3887 873 3946 Amb„
911 3887 1180 3944 Ambrstr„
1215 3902 1274 3936 or
1306 3888 1440 3950 Aug.
1507 3887 1594 3936 No
1624 3886 1728 3937 Gk.

577 3966 828 4029 authority
863 3966 1004 4030 gives
1037 3969 1130 4026 τὴν
1168 3965 1379 4028 ἀγάπην,
1420 3967 1510 4016 but
1547 3967 1671 4016 such
1703 3983 1734 4017 a

577 4050 784 4113 reading
817 4049 984 4098 would
1023 4050 1204 4098 accord
1233 4049 1346 4099 well
1383 4050 1581 4114 enough
1609 4051 1735 4100 with

577 4129 722 4180 Th.’s
742 4137 1008 4180 comment.
1047 4131 1116 4178 ln
1135 4129 1530 4194 sanctificatione,
1553 4133 1606 4179 ἐν
1625 4131 1735 4192 ἀγι-

579 4215 752 4274 ωσύνῃ.
819 4212 890 4261 So
911 4211 1097 4270 Amb.;
1131 4211 1198 4262 Ο.
1223 4211 1282 4261 L.
1321 4213 1612 4277 (generally)
1634 4215 1737 4264 and

579 4293 750 4356 vulg„
789 4305 927 4340 more
965 4291 1224 4355 correctly‚
1277 4293 1377 4341 “in
1421 4292 1738 4345 sanctitate.”

581 4369 660 4424 Cf.
685 4369 842 4433 iufra,
869 4370 905 4417 1.
936 4385 1011 4431 14.

651 4467 728 4516 13.
793 4452 881 4501 hoc
932 4452 1068 4502 enim
1122 4451 1258 4512 dicit,
1319 4453 1433 4515 δια]
1523 4453 1735 4518 Chrys-t

1832 3155 2047 3213 φροσύνη
2090 3151 2207 3201 κατ’
2250 3152 2440 3214 ἐξοχήν.
2516 3153 2597 3203 Cf.
2645 3155 2792 3219 infra
2835 3171 2903 3205 on
2941 3173 2983 3205 e.

1832 3249 1897 3282 w.
1929 3249 1974 3296 3.

1902 3328 1979 3378 ¹5·
2036 3314 2241 3377 placite]
2291 3329 2360 3362 sc.
2402 3314 2559 3373 Deo-3
2604 3313 2665 3364 cf.
2710 3327 2747 3364 1.
2784 3331 2837 3380 p.
2874 3319 2985 3379 278,

1832 3396 1865 3446 1.
1900 3413 1976 3452 ιι,
2000 3405 2133 3446 note.

1904 3493 1980 3543 17.
2034 3479 2092 3528 de
2102 3487 2263 3539 cetero,
2271 3479 2487 3541 fratres]
2510 3479 2607 3529 Th.
2631 3480 2739 3540 (but
2757 3481 2819 3530 cf.
2840 3497 2893 3546 p.
2910 3496 2991 3538 τι,

1830 3561 1867 3610 l.
1890 3577 1962 3622 14,
1990 3577 2071 3609 vv.
2099 3561 2177 3622 ll.)
2201 3575 2362 3609 seems
2390 3568 2445 3609 to
2467 3561 2595 3610 have
2626 3562 2745 3611 read
2776 3564 2862 3613 the
2888 3571 2991 3613 text

1832 3641 2042 3690 without
2060 3638 2155 3700 οὖν,
2171 3641 2336 3691 which
2350 3642 2504 3692 Thdt.
2516 3643 2691 3692 inserts
2704 3661 2719 3704 ς
2742 3644 2795 3693 in
2810 3645 2987 3710 Chrys,

1832 3722 1920 3771 the
1942 3722 2147 3786 reading
2169 3723 2211 3772 is
2232 3723 2505 3772 somewhat
2532 3723 2778 3773 doubtful.
2848 3725 2991 3775 With

1834 3805 1921 3854 the
1965 3813 2063 3855 rest
2098 3805 2157 3854 of
2194 3803 2278 3855 the
2323 3805 2425 3856 Gk.
2472 3813 2858 3858 commentators
2892 3810 2991 3858 Th.

1834 3887 1985 3937 omits
2028 3888 2115 3937 the
2158 3888 2325 3938 clause
2360 3890 2515 3940 καθὼς
2550 3892 2629 3938 καὶ
2669 3894 2993 3954 περιπατεῖτε,

1834 3969 2001 4020 which
2022 3970 2065 4018 is
2086 3972 2406 4035 represented
2429 3972 2481 4021 in
2504 3972 2590 4022 the
2606 3973 2759 4023 Latin
2776 3975 2996 4024 versions

1834 4051 1935 4100 and
1958 4051 2010 4100 in
2035 4051 2277 4116 Pelagius

1903 4145 1985 4181 20.
2040 4133 2265 4182 dr’ximus
2280 4133 2393 4182 etin
2406 4141 2717 4198 argumento,
2740 4134 2859 4196 ὅκα]
2896 4135 2995 4186 See

1840 4222 1900 4261 n.
1945 4227 2029 4277 pp.
2080 4228 2122 4273 1,
2170 4229 2213 4263 α.
2286 4213 2441 4264 Thdt.
2492 4215 2563 4262 ad
2594 4214 2643 4262 k.
2682 4215 2748 4264 l.:
2800 4218 2857 4264 τὸ
2898 4217 2997 4278 γὰρ

1838 4293 2045 4340 λοιπὸν
2091 4294 2201 4341 ἀντὶ
2245 4296 2331 4342 τοῦ
2372 4295 2720 4356 ’ἀποχρώντως
2761 4292 2868 4354 ὑμῖν
2909 4300 2998 4356 τὴν

1834 4373 2075 4436 ἡμετέραν
2113 4373 2321 4424 διάθεσιν
2353 4378 2713 4438 ἐγυμνώσαμεν.
2798 4379 2997 4439 δέξασθε

1834 4459 1993 4506 τοίνυν
2014 4461 2263 4520 προθύμως
2283 4462 2372 4518 τὴν
2396 4456 2631 4520 ἡμετέραν
2663 4460 2998 4522 παράκλησιν)
