3250 5025
543 362 668 441 238
1216 374 1674 429 TnEononus
1721 376 2306 432 MOPSUESTENUS
2701 366 2778 453 [Ι.
2811 369 2869 445 6,
2902 384 2958 452 7.

540 544 753 626 possit
797 544 982 609 illam
1016 545 1228 627 ipsam
1272 555 1532 630 partem
1569 546 1897 629 epistolae
1935 568 2140 631 quam
2171 547 2260 612 ad
2292 547 2727 614 Timotheum
2757 553 2962 635 scrip-

538 650 747 711 simus
779 648 1131 713 decurrens
1165 649 1479 713 uirtutem
1511 649 1719 731 ipsius
1751 651 2001 733 negotii
2033 649 2120 714 ad
2151 650 2425 734 plenum
2455 671 2872 737 cognoscere.

650 798 842 885 filios
866 800 1105 865 habens
1114 802 1359 885 fideles,
1386 823 1509 866 non
1540 801 1612 867 in
1640 801 2039 867 accusatione
2065 804 2365 869 luxuriae
2385 816 2506 869 aut
2525 804 2915 874 insubiectos.

680 942 814 986 non
867 925 1179 1006 reprobat
1230 932 1497 1007 patrum
1550 925 1866 989 uirtutem
1926 945 2018 989 ex
2076 922 2363 989 filiorum
2415 928 2762 1010 prauitate,
2801 948 2958 993 nam

478 1032 667 1101 Snec
718 1024 1104 1090 Samuelem
1158 1027 1507 1111 indignum
1552 1028 1907 1092 sacerdotii
1958 1026 2244 1094 faciebat
2293 1028 2581 1093 filiorum
2630 1032 2924 1113 prauitas
2947 1055 2962 1110 ;

540 1130 660 1193 sed
720 1150 808 1193 ex
870 1130 1155 1195 filiorum
1216 1132 1523 1195 instituto
1582 1132 1790 1214 patris
1851 1131 2147 1197 studium
2206 1132 2550 1215 probabile
2609 1134 2960 1203 ostendere

542 1233 819 1315 cupiens
849 1232 979 1297 ista
1012 1234 1231 1298 edicit.
1319 1234 1475 1297 ideo
1516 1232 1695 1298 dixit
1736 1244 1860 1297 aut
1900 1233 2322 1310 insubiectos;
2365 1234 2494 1299 hoc
2535 1246 2654 1314 est,
2690 1244 2707 1271 ‘
2729 1238 2784 1300 si
2825 1257 2960 1301 non

542 1334 716 1400 filios
760 1356 916 1400 suos
959 1338 1046 1400 ad
1094 1336 1423 1401 idolorum
1469 1336 1797 1401 culturam
1847 1348 1964 1403 aut
2009 1338 2352 1405 lasciuiam
2399 1348 2517 1404 aut
2563 1341 2630 1403 in
2669 1341 2960 1405 deterius

544 1449 933 1521 proruentes
982 1439 1317 1521 despexit,
1372 1460 1496 1503 nec
1548 1440 1756 1505 ullam
1813 1442 1989 1519 uitae
2035 1461 2264 1505 eorum
2313 1443 2524 1507 uoluit
2561 1441 2777 1507 facere
2820 1463 2962 1509 cor-

440 1558 522 1606 10
544 1541 946 1619 rectionem;
989 1542 1109 1605 sed
1157 1562 1279 1605 nec
1323 1562 1550 1607 curam
1597 1543 1925 1625 expendit
1969 1552 2044 1607 ut
2088 1544 2423 1609 subiceret
2465 1565 2581 1611 eos
2640 1547 2788 1621 sibi,
2843 1558 2962 1613 aut

543 1654 744 1729 prout
801 1647 1115 1711 conuenit
1172 1647 1382 1711 uitam
1443 1645 1859 1735 institueret!
1947 1646 2078 1710 hoc
2124 1649 2330 1713 etiam
2381 1649 2467 1712 ad
2524 1648 2958 1714 Timotheum

544 1750 838 1815 scribens
897 1750 1141 1832 posuit,
1201 1759 1271 1813 et
1332 1747 1460 1812 hoc
1520 1750 1586 1813 in
1649 1750 1798 1813 loco
1856 1749 2165 1813 similiter
2223 1751 2496 1833 cupiens
2557 1772 2776 1817 mores
2820 1754 2960 1817 eius

544 1840 933 1917 examinare
979 1852 1092 1935 qui
1141 1850 1422 1915 aliorum
1475 1852 1950 1934 proponendus
1997 1862 2100 1917 est
2154 1853 2443 1928 utilitati,
2495 1853 2553 1917 si
2601 1874 2760 1939 erga
2805 1876 2962 1921 suos

545 1958 829 2041 diligens
864 1956 1003 2033 fuit,
1035 1956 1340 2020 erudiens
1372 1976 1486 2019 eos
1527 1956 1614 2020 de
1654 1955 1758 2019 his
1790 1975 1962 2039 quae
1993 1956 2245 2019 discere
2286 1977 2401 2020 eos
2431 1958 2962 2037 conueniebant;

440 2082 513 2150 15
546 2083 627 2126 eo
671 2064 853 2144 quod
900 2065 955 2127 si
1007 2064 1158 2128 talis
1198 2062 1541 2142 habeatur,
1574 2061 1967 2126 manifestus
1998 2069 2101 2126 est
2148 2063 2330 2146 quod
2376 2062 2794 2146 diligentiam
2842 2065 2960 2130 ad-

545 2166 803 2230 hibebit
834 2167 1037 2230 etiam
1068 2186 1297 2229 eorum
1322 2167 1434 2250 qui
1454 2164 1907 2230 ecclesiastico
1937 2174 2093 2229 sunt
2124 2165 2331 2229 iuncti
2353 2186 2631 2249 corpore
2659 2168 2771 2250 qui
2801 2186 2959 2250 erga

545 2290 700 2335 suos
746 2270 1032 2355 diligens
1080 2270 1242 2350 suit3
1310 2272 1365 2334 si
1408 2291 1567 2335 uero
1610 2289 1767 2334 suos
1812 2272 2141 2353 despexit,
2173 2291 2294 2335 nec
2341 2272 2483 2335 istis
2528 2272 2773 2355 poterit
2813 2271 2960 2336 dili-

543 2377 841 2458 gentiam
903 2376 1235 2441 adhibere.
1325 2388 1395 2441 et
1453 2377 1818 2441 ostendens
1891 2378 2210 2459 quoniam
2285 2378 2658 2442 necessaria
2714 2385 2818 2443 est
2874 2375 2961 2439 de

546 2479 724 2544 hisce
754 2478 1139 2563 scrupulosa
1172 2478 1527 2562 inquisiti0,
1558 2480 1761 2545 dicit:

437 2651 524 2698 20
672 2640 911 2712 oportet
944 2641 1162 2695 autem
1201 2630 1549 2714 episcopum
1590 2629 2213 2712 inreprehensibilem
2253 2651 2398 2708 esse,
2445 2631 2617 2697 sicut
2660 2631 2794 2698 Dei
2829 2632 2962 2697 dis-

530 2744 954 2815 pensatorem.

677 2844 817 2906 ‘cui
866 2844 1045 2908 enim
1094 2843 1471 2908 sollicitudo
1522 2843 1892 2927 iniungitur
1943 2853 2018 2908 ut
2065 2844 2181 2909 illa
2228 2865 2404 2927 quae
2455 2845 2584 2909 Dei
2630 2856 2788 2912 sunt
2831 2849 2962 2912 dis-

641 3033 671 3068 2
705 3020 888 3070 uirtute
909 3021 962 3070 in
986 3019 1099 3086 (fin-
1116 3021 1370 3088 uirtutem)
1397 3023 1463 3072 H

544 3102 755 3152 filiarum
781 3103 1060 3152 institutum
1088 3103 1230 3153 C'H

551 3183 597 3234 C
606 3183 633 3209 ³
668 3184 945 3236 subiaceret
967 3185 1035 3234 H

550 3277 609 3330 15
642 3266 769 3317 tales
800 3267 869 3315 H

1624 3037 1654 3088 3
1687 3023 1932 3074 habentes
1959 3023 2005 3074 C
2017 3025 2086 3074 H
2226 3043 2259 3088 4
2291 3025 2590 3092 prauitatem
2613 3028 2682 3078 H

1420 3117 1446 3168 7
1482 3104 1575 3155 iste
1597 3104 1719 3155 dicit
1740 3103 1808 3153 H
1968 3105 1999 3153 8
2033 3105 2280 3156 cultorum
2302 3105 2402 3156 H*

1161 3201 1211 3236 ιι
1252 3184 1509 3236 instituere
1549 3187 1591 3237 C
1603 3187 1674 3236 H
1799 3199 1858 3250 ¹3
1890 3201 2009 3251 ergo
2038 3187 2080 3236 C
2099 3187 2168 3236 H

1054 3280 1116 3318 αα
1148 3267 1395 3332 dispensit
1420 3266 1494 3319 C*

2831 3029 2866 3080 6
2900 3046 2962 3080 ex

2605 3124 2666 3158 10
2696 3110 2962 3159 subiacerit

2300 3204 2360 3252 14
2393 3189 2722 3240 conueniebat
2750 3191 2792 3239 C
2813 3189 2960 3254 (corr)

616 3418 661 3453 ι.
718 3398 898 3467 possit]
947 3417 1017 3451 sc.
1060 3401 1190 3466 quis.
1262 3402 1337 3452 Or
1374 3401 1495 3452 read
1522 3400 1700 3468 possis,

544 3483 625 3533 i.e.
653 3482 882 3547 Cyrinus»,
915 3490 970 3533 to
991 3483 1158 3533 whom
1188 3483 1274 3533 the
1295 3499 1478 3534 comm.
1510 3499 1577 3534 on
1605 3485 1706 3534 this

546 3564 741 3630 Epistle
764 3580 867 3614 was
888 3564 1152 3614 dedicated
1167 3563 1227 3628 (1.
1252 3580 1338 3631 pp.
1362 3567 1429 3626 xi,
1456 3565 1598 3628 lxiii).

613 3660 661 3709 3.
730 3645 1039 3708 insubiectos]
1062 3644 1428 3699 demorans-om.
1466 3647 1538 3696 So
1556 3645 1701 3696 Hier.

545 3726 619 3789 (in
662 3728 811 3792 Agg.)
832 3745 848 3787 ;
902 3725 967 3776 cf.
1013 3727 1173 3791 infra,
1215 3727 1255 3776 1.
1298 3741 1344 3791 7,
1382 3728 1484 3778 and
1527 3743 1575 3778 ν.
1629 3743 1703 3776 ιο.

546 3808 722 3873 vulg„
748 3814 781 3836 ‘⁴
798 3825 900 3858 non
922 3807 1206 3860 subditos».”

611 3911 662 3955 4.
728 3906 851 3940 nam
874 3907 959 3940 nec
986 3891 1287 3954 Samuelem]
1322 3891 1405 3942 Cf.
1442 3903 1503 3941 11.
1526 3909 1579 3956 p.
1612 3907 1705 3942 uo

544 3989 622 4038 sq.
684 3973 889 4037 Jerome
919 3973 993 4021 ad
1023 3973 1072 4023 Ιι.
1114 3973 1149 4023 Ι.
1185 3973 1311 4023 cites
1339 3973 1427 4024 the
1460 3990 1596 4025 same
1631 3974 1703 4024 in·

545 4063 731 4115 stance,
752 4056 843 4104 but
866 4055 1068 4118 regards
1086 4055 1140 4106 S.
1165 4054 1333 4105 Paul’s
1356 4057 1461 4106 rule
1484 4071 1538 4106 as
1559 4057 1703 4107 abso·

548 4137 681 4196 lute;
714 4139 748 4164 ‘⁴
769 4135 972 4186 Samuel
1004 4136 1442 4202 quoque...habuit
1468 4137 1597 4187 filios
1618 4139 1706 4202 qui

546 4216 918 4267 declinauerunt
974 4225 1089 4282 post
1142 4219 1400 4268 auaritiam
1494 4235 1614 4285 ergo
1663 4221 1706 4271 si

548 4298 726 4348 electio
747 4299 1059 4348 sacerdotum
1085 4299 1238 4361 fieret,
1268 4309 1319 4350 et
1345 4303 1485 4352 Isaac
1502 4310 1708 4367 propter

548 4377 683 4426 Esau
707 4385 755 4426 et
781 4375 985 4427 Samuel
1008 4387 1211 4442 propter
1229 4379 1359 4429 filios
1374 4395 1491 4429 suos
1512 4379 1706 4444 indigni

546 4457 825 4508 sacerdotio
846 4465 1149 4523 putarentur,
1158 4457 1185 4482 ”
1200 4461 1291 4510 ὅτε.

1877 3415 1953 3450 11.
2019 3401 2094 3450 ad
2131 3401 2438 3452 Timotheum
2471 3401 2710 3464 scribens]
2775 3419 2796 3453 1
2824 3401 2960 3452 Tim.

1805 3488 1876 3538 iii.
1910 3509 1957 3553 4,
1991 3505 2070 3540 η.

1877 3585 1952 3633 15.
2021 3569 2312 3632 manifestus
2332 3577 2403 3621 est
2421 3574 2562 3636 quod,
2591 3570 2708 3634 δια]
2763 3573 2966 3636 φανερός

1803 3651 1936 3700 ἐστιν
1960 3650 2386 3711 ἐπιμελησόμενος.

1877 3745 1951 3796 17.
2023 3733 2069 3781 α’
2081 3749 2195 3783 uero
2215 3749 2327 3784 suos
2346 3734 2576 3799 despexit]
2607 3735 2694 3784 ἐὰν
2718 3735 2772 3785 δὲ
2787 3737 2966 3798 παρίδῃ

1805 3814 1915 3862 τοὺς
1947 3815 2157 3876 οἰκείους,
2196 3818 2306 3865 οὐδὲ
2340 3818 2532 3867 ἐκείνων
2575 3817 2672 3868 οἷός
2708 3835 2763 3867 τε
2801 3819 2963 3877 έπιμε·

1806 3897 2013 3945 xersem.
2083 3897 2159 3946 Os
2189 3899 2424 3961 despicere
2463 3897 2516 3948 in
2553 3899 2652 3949 this
2689 3915 2832 3951 sense
2877 3900 2964 3951 the

1805 3975 1936 4027 lexx.
1955 3977 2068 4042 give
2090 3993 2158 4027 no
2179 3979 2449 4044 examples.

1873 4072 1951 4108 20.
2017 4066 2201 4124 oportet
2219 4059 2408 4122 autem]
2449 4059 2532 4110 Cf.
2557 4072 2618 4110 11.
2644 4077 2731 4126 pp.
2756 4076 2837 4129 99.
2860 4061 2893 4111 l.
2917 4077 2964 4126 3,

1805 4149 1958 4202 note3
2005 4144 2116 4203 208,
2163 4143 2198 4192 1.
2245 4157 2322 4205 13,
2356 4143 2446 4193 &c.
2513 4144 2628 4194 The
2672 4145 2825 4195 MSS.
2864 4145 2967 4194 and

1806 4223 2027 4272 versions
2066 4224 2126 4273 of
2157 4223 2244 4274 the
2278 4225 2346 4274 N.
2384 4223 2449 4273 Τ.
2483 4241 2629 4289 agree
2665 4233 2718 4274 to
2757 4231 2968 4290 support

1814 4302 2042 4353 “enim”
2063 4305 2212 4362 ᾔει-ες
2249 4305 2310 4356 cf.
2344 4305 2507 4370 infm,
2531 4321 2581 4370 p.
2607 4320 2722 4371 ⁴239,
2751 4307 2784 4356 1.
2813 4305 2862 4356 6.

1874 4400 1954 4434 22.
2019 4385 2628 4450 dtlrpenset...mysterium]
2683 4388 2768 4437 Cf.
2797 4403 2814 4436 1
2845 4389 2965 4438 Cor.

1807 4465 1871 4515 iv.
1909 4481 1948 4526 1,
1977 4466 2244 4527 οἰκονόμους
2262 4469 2536 4530 μυστηρίων
2557 4469 2684 4521 θεοῦ.
