3250 5025
312 377 444 478 VI.
477 404 770 496 12—14]
1028 423 1113 478 m
1161 425 1267 481 ΕΡ.
1312 425 1416 478 AD
1460 423 1931 479 ΤιΜοΤΗΕυΜ
1978 417 2062 477 ι.·
2614 409 2733 491 ι83

425 615 643 662 coram
675 597 911 662 multis
941 590 1286 683 [testibus]

428 730 677 815 †multi
704 732 883 798 enim
907 741 1100 798 erant
1121 735 1238 817 qui
1260 733 1563 800 sciebant
1585 735 1864 800 beatum
1884 731 2321 798 Timotheum
2346 731 2736 797 adiunctum

313 833 516 900 fuisse
563 836 770 903 Paulo
809 838 1379 922 contemplatione
1420 841 1707 924 pietatiS,
1740 849 1949 923 utque
1980 840 2037 903 is
2078 860 2313 922 passus
2345 838 2561 903 fuerat
2602 853 2738 899 non

313 936 588 1022 pauca*
681 942 945 1024 ‘itaque
976 943 1419 1007 necessarium
1460 943 1729 1026 (inquit)
1762 942 1884 1008 tibi
1931 951 2037 1006 est
2080 950 2157 1007 ut
2198 943 2384 1006 omni
2426 961 2515 1006 ex
2546 949 2739 1024 parte

314 1064 436 1125 pro
495 1053 770 1110 aeterna
829 1047 972 1110 uita
1032 1047 1332 1111 laborem
1393 1049 1725 1114 sustineas
1784 1068 1906 1134 pro
1966 1068 2100 1131 qua
2160 1057 2231 1112 et
2282 1044 2621 1111 credidisti
2669 1035 2781 1106 et*
2812 1042 2846 1112 5

312 1148 656 1214 consessus
701 1171 773 1214 es
825 1151 1168 1234 pietatem,
1217 1153 1526 1235 periculis
1579 1153 1961 1236 frequenter
2006 1153 2397 1217 adiectatuS.
2488 1149 2736 1213 iustum

313 1253 562 1316 etenim
611 1263 713 1317 est
755 1261 830 1318 ut
871 1255 1146 1319 minime
1193 1275 1284 1318 ex
1334 1256 1683 1338 posteriori
1736 1256 1996 1320 desidia
2045 1255 2163 1320 illa
2210 1254 2741 1320 exterminentur

312 1379 486 1440 quae
535 1359 836 1442 inprimis
883 1367 1042 1422 sunt
1097 1358 1468 1443 adquisita.'
1554 1359 1802 1424 deinde
1850 1367 1919 1424 et
1965 1356 2117 1442 plus
2170 1379 2324 1424 eum
2373 1357 2739 1424 adhortans

314 1462 599 1528 adiecit:

429 1639 754 1724 praecipio
784 1640 854 1705 in
882 1649 1200 1724 conspectu
1229 1639 1366 1705 Dei
1386 1639 1507 1724 qui
1533 1639 1837 1724 uiuificat
1868 1638 2112 1716 omnia,
2139 1647 2203 1704 et
2228 1637 2489 1702 domino
2518 1647 2735 1704 nostro
2774 1653 2854 1702 10

309 1743 460 1808 Iesu
497 1743 751 1810 Chris-to
785 1747 906 1830 qui
945 1746 1385 1811 testimonium
1425 1745 1715 1810 reddidit
1749 1745 1873 1810 sub
1913 1743 2153 1810 Pontio
2192 1743 2421 1807 Pilato
2454 1739 2735 1826 [bonam]

310 1849 780 1932 confhssionem,
827 1850 1143 1914 custodire
1182 1859 1242 1913 te
1283 1849 1674 1913 mandatum
1702 1848 1843 1912 sine
1885 1847 2143 1912 macula
2186 1844 2741 1929 inreprehensibile

313 1973 509 2036 usque
536 1953 635 2016 ad
655 1953 1008 2016 aduentum
1039 1952 1296 2017 domini
1321 1951 1532 2016 nostri
1553 1951 1706 2015 Iesu
1741 1949 2004 2017 Christi.

454 2105 560 2161 est
609 2095 996 2160 mandatum
1045 2105 1122 2160 ut
1152 2095 1352 2174 dicat,
1385 2096 1534 2160 ‘illa
1582 2093 1757 2180 qua'e
1799 2095 2116 2160 mandaui
2156 2095 2317 2162 tibi!
2407 2096 2581 2161 bene
2608 2093 2739 2159 hoc

313 2203 383 2267 in
433 2203 584 2267 loco
634 2201 845 2287 [dicit]
895 2201 983 2266 ob
1024 2222 1226 2285 quam
1271 2222 1410 2265 rem
1457 2201 1662 2265 etiam
1710 2209 1778 2265 et
1822 2202 1891 2265 in
1923 2220 2140 2284 agone
2170 2221 2293 2284 pro
2324 2199 2457 2264 fide
2486 2208 2740 2264 certare
2772 2209 2849 2280 13

316 2328 473 2372 eum
520 2307 992 2391 praecipiebat.
1080 2308 1262 2373 unde
1304 2315 1373 2372 et
1413 2315 1823 2371 memoratus
1874 2306 2121 2372 Christi
2164 2309 2549 2384 aduentum,
2581 2325 2741 2370 con-

313 2415 587 2479 firmans
619 2422 824 2497 atque
853 2411 1197 2476 stabiliens
1228 2412 1408 2495 quod
1441 2411 1809 2474 necessarie
1838 2411 2068 2495 utique
2100 2412 2223 2476 erit
2253 2410 2538 2475 adiecit:

440 2611 692 2678 πολλοὶ
737 2610 867 2701 «γὰρ
916 2609 1094 2694 ἦσαν
1142 2610 1207 2677 οἱ
1249 2608 1361 2695 τὸν
1401 2608 1730 2697 μακάριον
1771 2607 2094 2694 Τιμόθεον
2144 2606 2436 2675 συνόντα
2478 2605 2574 2696 τῷ
2613 2634 2739 2693 μα-
2824 2684 2827 2687 ,

310 2713 520 2803 καρίῳ
575 2712 834 2799 Παύλῳ
884 2712 1227 2792 εὐσεβείας
1278 2712 1496 2780 ἕνεκεν
1542 2711 1795 2794 εἰδότες,
1840 2712 1955 2781 καὶ
2010 2709 2142 2798 μὴν
2191 2710 2307 2780 καὶ
2356 2711 2741 2780 πεπονθότα

311 2815 430 2883 οὐκ
473 2816 674 2902 ὀλύγα
718 2815 830 2885 διὰ
871 2816 1141 2900 ταύτην.
2766 2819 2854 2870 20

415 3004 436 3041 r
473 2989 685 3040 testibus
704 3002 784 3039 om
812 2988 856 3039 C
873 2988 940 3039 H
1176 3001 1208 3038 α
1241 2995 1410 3039 autem
1432 2985 1552 3052 (sor
1571 2984 1727 3052 enim)
1749 2986 1821 3038 H
2085 3002 2115 3051 3
2148 2994 2300 3054 atque
2319 2986 2401 3038 his
2420 3001 2457 3038 r
2704 3004 2741 3050 4

310 3068 405 3120 tibi
427 3086 617 3121 necess.
642 3087 676 3120 r
697 3070 708 3134 Ι
738 3077 788 3121 te
812 3070 930 3135 (sor
945 3068 1059 3132 tibi)
1088 3068 1170 3119 C*
1193 3070 1262 3119 H
1449 3082 1478 3134 5
1513 3078 1565 3119 et
1587 3069 1697 3135 (bes
1704 3069 1928 3131 aeterna)
1948 3068 2057 3118 add
2075 3070 2120 3118 C
2321 3066 2354 3119 6
2387 3068 2671 3119 adsectatus
2696 3068 2741 3119 C

315 3164 342 3216 7
375 3160 452 3203 est
473 3152 659 3203 etenim
682 3152 752 3202 H
932 3153 964 3202 8
996 3151 1290 3202 adhortatus
1311 3166 1345 3201 r
1536 3166 1570 3216 9
1601 3150 1756 3201 adicit
1782 3152 1829 3201 C
1888 3151 2059 3201 subdit
2081 3166 2115 3201 r
2308 3165 2370 3203 ιο
2400 3150 2537 3202 dom.
2563 3157 2737 3201 nostro

311 3248 390 3282 om
413 3248 448 3281 r
470 3249 532 3285 ιο
555 3232 676 3281 Chr.
701 3230 747 3284 1.
776 3246 810 3281 r
955 3248 1010 3284 ιι
1047 3232 1236 3282 bonam
1256 3248 1336 3281 om
1364 3233 1409 3282 C
1426 3228 1488 3281 Η
1619 3244 1680 3281 12
1714 3237 1770 3281 ut
1792 3247 1959 3282 serues
1981 3231 2101 3296 (fir
2119 3231 2390 3293 custodire)
2409 3246 2443 3279 r
2588 3246 2648 3295 ι4
2682 3231 2737 3281 in

311 3316 412 3366 hoc
433 3316 546 3365 loco
575 3315 618 3365 C
793 3329 850 3378 15
884 3312 1008 3363 dicit
1029 3330 1108 3363 om
1136 3312 1182 3362 C
1199 3314 1268 3363 H
1278 3328 1311 3362 r
1333 3311 1343 3377 Ι
1372 3313 1558 3361 distare
1583 3312 1701 3377 (for
1720 3315 1929 3374 certare)
1953 3313 2022 3362 H
2193 3310 2251 3362 ¹6
2284 3319 2359 3362 est
2384 3312 2483 3377 (afl
2501 3312 2735 3372 memor.)

311 3397 416 3446 add
439 3411 474 3446 r
671 3408 728 3460 17
761 3394 1092 3447 necessarium
1126 3392 1205 3443 C*
1267 3393 1548 3445 necessario
1570 3409 1604 3442 r
1628 3391 1637 3457 Ι
1667 3400 1773 3442 erat
1800 3400 1849 3443 et
1879 3392 1994 3457 (sor
2022 3390 2136 3457 erit)
2172 3393 2217 3442 C
2245 3392 2395 3455 (corr)
2424 3390 2433 3459 Ι
2462 3392 2616 3444 adicit
2645 3393 2688 3443 C
2705 3408 2741 3441 r

317 3480 375 3529 18
409 3494 486 3545 sq.
513 3476 668 3529 Coisl.
699 3492 809 3536 204,
838 3475 873 3526 f.
903 3490 998 3541 209
1021 3490 1052 3524 a
1075 3475 1184 3538 [Cr.
1205 3473 1290 3525 vii.
1318 3476 1400 3538 48,
1431 3474 1516 3523 Fr.
1547 3471 1664 3537 154]
1696 3474 1941 3537 θεόδωρος.
2004 3474 2273 3532 τουτέστιν,
2303 3474 2375 3533 μὴ
2408 3476 2739 3537 καταισχύνῃς

309 3560 400 3621 τὴν
427 3562 701 3625 παρρησίαν
723 3560 910 3619 ἐκείνην
937 3558 1159 3623 [Chrys.,
1185 3556 1249 3609 cf.
1289 3557 1415 3619 Fr.]·
1449 3558 1632 3606 πολλοὶ
1660 3556 1777 3624 γάρ,
1813 3556 1963 3605 nauh.
2208 3554 2293 3607 Cr.
2321 3562 2501 3606 notes:
2546 3560 2579 3585 ‘⁶
2595 3556 2737 3608 deest

310 3644 520 3693 verbum
553 3642 760 3708 aliquod
775 3640 805 3665 ”
839 3641 976 3707 [post
1009 3638 1272 3702 Τιμόθεοιῦ.
1343 3635 1578 3702 Nothing
1609 3638 1654 3687 is
1686 3638 1911 3703 wanting
1941 3636 1997 3688 in
2026 3636 2115 3688 the
2148 3637 2265 3692 MS.
2358 3672 2367 3684 ι
2468 3650 2529 3703 ι9
2562 3638 2736 3699 ἕνεκεν,

314 3725 492 3774 εἰδότες
512 3724 596 3773 καὶ
617 3724 702 3774 Cr.

385 3888 428 3923 1.
495 3870 709 3933 testibus]
768 3870 1000 3921 Another
1021 3868 1302 3921 accidental
1323 3868 1474 3920 omis-
1575 3869 1835 3920 doubtless
1856 3875 2135 3933 represents
2158 3868 2245 3919 the
2270 3875 2375 3919 text
2404 3868 2466 3919 of
2489 3868 2615 3929 Th.;
2648 3868 2737 3921 the

313 3950 442 4001 sion.
511 3951 574 4000 In
598 3951 686 4001 the
706 3950 1086 4015 interpretation
1107 3950 1207 4000 Th.
1229 3964 1390 4000 seems
1419 3958 1474 4000 to
1576 3952 1729 4003 Latin
1742 3952 1965 4003 versions
1978 3952 2105 4002 have
2120 3951 2553 4018 simply“Christo
2566 3952 2737 4004 Iesu?

315 4032 462 4083 stand
484 4033 647 4084 alone.
716 4034 889 4099 Pelag.
913 4041 1192 4098 represents
1224 4032 1311 4082 the
1341 4032 1474 4081 ordi·
1579 4034 1642 4084 In
1674 4034 1854 4099 Chrys.
1888 4033 1991 4084 and
2024 4034 2179 4083 Thdt.
2214 4034 2301 4084 the
2333 4034 2565 4099 readings
2596 4050 2733 4100 vary.

311 4132 440 4181 nary
491 4116 648 4167 view:
721 4116 760 4143 ‘⁸
773 4130 942 4166 coram
997 4114 1342 4165 sacerdotibus
1393 4111 1476 4162 uel
1574 4116 1775 4166 Bonam
1796 4116 1889 4166 has
1911 4117 2041 4166 been
2058 4116 2321 4179 carelessly
2337 4116 2547 4167 omitted
2564 4118 2634 4181 by
2652 4116 2735 4168 the

317 4199 570 4258 ministris,
595 4200 963 4265 uirtutibusque
985 4194 1331 4249 caelestibus-’⁸
1576 4199 1790 4261 scribes;
1824 4198 1888 4249 cf.
1917 4206 2089 4264 supra,
2126 4214 2179 4263 p.
2217 4201 2324 4259 182,
2359 4199 2392 4247 1.
2422 4214 2497 4249 ια.
2569 4201 2735 4250 Custo-

379 4279 429 4331 6.
483 4280 774 4347 adiectams]
840 4280 1160 4345 Apparently
1193 4279 1316 4330 used
1355 4294 1466 4330 as=
1574 4280 1688 4329 dire
1695 4295 1717 4337 ,·
1755 4281 1912 4341 Tert.,
1956 4280 2061 4330 “ut
2096 4277 2410 4338 custodias;”
2450 4279 2516 4332 Ο.
2540 4281 2601 4331 L.
2634 4280 2737 4331 and

313 4361 543 4412 iactatus.
607 4363 704 4413 See
726 4363 962 4411 however
981 4361 1068 4412 the
1087 4361 1280 4412 variant
1305 4363 1358 4411 in
1386 4364 1442 4413 C.
1576 4361 1749 4426 Vulg„
1784 4361 1820 4388 ‘⁸
1835 4368 1889 4409 ut
1912 4358 2129 4412 seruoess’

389 4460 466 4494 ιο.
521 4446 578 4495 in
615 4452 867 4510 conspectu
904 4444 1026 4508 Det]
1093 4446 1164 4496 So
1203 4446 1477 4505 Ambrstr.;
1650 4460 1727 4508 14.
1782 4450 1841 4493 ut
1865 4444 2012 4506 dicat,
2056 4443 2204 4504 ‘illm’
2236 4444 2354 4508 δια]
2416 4446 2596 4497 Thdt.:
2628 4462 2736 4496 rov-

315 4524 488 4590 Vulg.‚
534 4527 752 4575 “coram
787 4522 954 4575 Deo.'’
1017 4526 1091 4575 D.
1117 4541 1169 4573 n.
1198 4526 1244 4575 I.
1282 4524 1480 4575 Christo
1577 4525 1759 4587 τέστιν,
1783 4520 1940 4573 ταῦτα
1962 4522 1993 4571 ἃ
2010 4525 2204 4587 γράφω.
