3250 5025
525 350 644 414 142
1186 343 1645 397 THEODORUS
1694 341 2282 396 MOPSUESTENUS
2702 321 2848 407 [IV.
2882 337 2938 401 3.

515 520 680 583 tiam
712 520 1043 584 dictorum
1088 519 1352 603 reliquit
1393 517 1847 602 inperfectam,
1878 516 2068 599 quasi
2106 515 2263 599 quia
2306 513 2461 578 hinc
2493 510 2705 595 possit
2736 509 2938 585 etiam

517 620 676 686 illud
711 623 1022 704 cognosci
1060 622 1378 704 quoniam
1419 622 1680 684 incusat
1718 639 1834 682 eos
1871 619 1985 701 qui
2023 627 2273 701 cogunt
2311 616 2645 680 abstinere
2682 634 2723 677 a
2752 611 2939 674 cibis·

517 722 762 786 deinde
806 724 1036 788 dicens
1081 743 1230 787 eam
1278 722 1683 786 sententiam
1726 741 1931 804 quam
1976 729 2044 782 et
2088 727 2359 782 accusat
2397 717 2556 800 quia
2595 715 2665 778 in
2702 712 2942 778 ultimo

424 891 428 896 .
517 827 641 891 erit
689 828 869 910 apud
913 828 1238 904 homineS,
1286 828 1491 892 adicit
1535 824 2001 908 probationem
2054 823 2236 905 quod
2282 841 2417 884 non
2470 816 2945 884 conuenienter

453 941 485 1008 5
519 932 647 998 ista
677 939 1098 1014 proponant:

648 1087 814 1150 quae
837 1068 1020 1132 Deus
1045 1067 1296 1132 creauit
1319 1066 1418 1130 ad
1421 1064 1821 1149 fruitionem
1850 1085 1996 1128 cum
2012 1061 2401 1146 gratiarum
2430 1060 2689 1124 actione.

652 1205 809 1249 nam
841 1195 910 1248 et
951 1186 1148 1249 ualde
1186 1185 1661 1248 inconueniens
1692 1192 1851 1258 erat,
1886 1183 2109 1245 Deum
2143 1179 2256 1243 illa
2286 1180 2371 1243 ad
2406 1179 2533 1242 hoc
2566 1177 2941 1250 facientem,

523 1289 670 1371 lege
715 1289 802 1352 ab
831 1309 1059 1352 eorum
1092 1310 1214 1352 usu
1245 1290 1552 1352 homines
1597 1286 1971 1370 prohibere.·
2062 1283 2435 1348 necessario
2480 1302 2640 1346 uero
2684 1279 2943 1356 adiecit,

520 1413 666 1456 cum
713 1391 1096 1474 gratiamm
1155 1393 1402 1454 actione
1457 1392 1703 1466 dicenS,
1764 1389 1859 1452 ita
1907 1397 1981 1453 ut
2027 1396 2095 1451 et
2145 1387 2420 1451 modum
2460 1385 2755 1450 adiciens
2800 1403 2945 1446 esse

419 1499 500 1547 10
525 1494 829 1557 uideatur
859 1494 1065 1578 ipsius
1094 1515 1253 1557 usus
1284 1493 1652 1556 secundum
1684 1511 1883 1576 quern
1918 1487 2092 1555 facta
2135 1500 2309 1566 sunt,
2338 1487 2739 1552 sufficienter
2767 1504 2949 1548 com-

524 1597 815 1680 probans
868 1598 1268 1679 prauitatern
1314 1597 1828 1680 prohibentium.
1919 1595 1975 1658 si
2020 1594 2200 1658 enim
2250 1594 2500 1677 gratias
2544 1607 2743 1674 agere
2795 1591 2948 1653 Deo

525 1700 776 1764 bonum
830 1720 950 1782 pro
1001 1700 1186 1775 escis,
1238 1699 1518 1784 impium
1569 1708 1671 1763 est
1732 1699 2033 1761 incusare
2092 1718 2224 1771 eaS,
2273 1694 2525 1759 nullam
2586 1693 2673 1756 de
2726 1699 2947 1754 cetero

525 1805 887 1887 gratiarum
921 1803 1252 1867 actionem
1285 1801 1859 1886 subrelinquentes
1892 1801 2021 1865 illis
2051 1802 2165 1884 qui
2209 1801 2303 1864 ita
2339 1820 2453 1862 eas
2495 1798 2619 1862 sibi
2663 1797 2948 1862 tributas

525 1925 671 1967 esse
700 1905 1108 1968 existimant.
1200 1925 1356 1968 narn
1399 1905 1456 1967 is
1500 1905 1614 1986 qui
1661 1903 1747 1967 ad
1790 1903 1915 1966 hoc
1950 1903 2125 1967 facta
2165 1902 2281 1965 illa
2324 1923 2365 1964 a
2398 1902 2548 1964 Deo
2578 1897 2947 1974 confitetur,

421 2015 492 2081 15
527 2009 680 2073 licet
709 2009 1052 2072 contineat
1082 2029 1153 2072 se
1185 2029 1306 2073 suo
1336 2010 1703 2092 propositO,
1736 2017 1963 2072 tamen
1997 2006 2341 2092 cognoscit
2372 2003 2554 2088 quod
2587 2006 2949 2070 conueniat

528 2113 615 2176 de
659 2109 791 2175 illis
835 2113 984 2176 Deo
1029 2112 1278 2194 gratias
1321 2133 1534 2196 agere.
1624 2123 1697 2178 et
1724 2113 1997 2177 arbitrio
2029 2129 2256 2177 eorum
2301 2113 2703 2197 prauitatem
2748 2111 2949 2178 latius

530 2211 931 2298 subplicanS,
963 2214 1246 2280 adiecit:

641 2349 956 2436 fidelibus
983 2359 1047 2414 et
1071 2350 1193 2434 qui
1214 2359 1644 2434 cognouerunt
1669 2349 2022 2416 ueritatem.

659 2490 794 2534 non
842 2469 1018 2534 dixit
1062 2469 1369 2534 absolute
1415 2466 1864 2545 ‘hominibuS‚’
1907 2477 1975 2532 et
2006 2467 2278 2550 quidem
2323 2465 2635 2529 omnibus
2665 2464 2949 2530 homini-

421 2582 506 2633 20
533 2570 656 2635 bus
687 2572 988 2635 similiter
1017 2592 1175 2635 usus
1205 2592 1504 2634 escarum
1536 2572 1953 2653 propositum
2000 2590 2147 2633 esse
2189 2569 2469 2645 uidetur,
2504 2588 2587 2631 eo
2630 2569 2808 2650 quod
2856 2570 2951 2632 ita

533 2698 648 2741 eos
692 2677 1142 2741 uniuersitatis
1183 2675 1409 2739 fecerit
1447 2674 1673 2753 Deus;
1722 2672 1839 2737 sed
1886 2681 1961 2737 ut
2004 2673 2323 2736 maiorem
2370 2670 2685 2735 ostendat
2730 2673 2953 2753 praui-

532 2789 744 2844 tatem
791 2800 1020 2845 eorum
1069 2779 1182 2862 qui
1236 2780 1331 2843 ita
1379 2779 1464 2842 de
1509 2780 1678 2841 escis
1724 2778 2037 2854 sentiunt,
2070 2777 2401 2860 siquidem
2448 2786 2517 2841 et
2562 2775 2693 2842 alia
2731 2776 2953 2842 dicere

534 2893 859 2967 usurpant
888 2886 973 2948 de
1005 2882 1132 2946 illis
1163 2879 1596 2966 quorumuel
1636 2883 1935 2946 maxime
1973 2900 2132 2945 usus
2163 2881 2475 2945 omnibus
2513 2881 2779 2946 uidetur
2809 2904 2953 2946 esse

638 3028 660 3062 1
699 3026 828 3076 quae
851 3008 965 3076 (sor
985 3008 1121 3075 quia)
1152 3010 1197 3060 C
1207 3008 1236 3035 ⁴*
1253 3010 1324 3059 H
1355 3011 1492 3075 quod
1521 3010 1568 3060 C
1586 3008 1732 3074 (corr)
1756 3028 1769 3059 ε
1803 3026 1881 3059 om
1905 3026 1940 3059 r
2309 3024 2337 3059 α
2370 3020 2474 3074 quo
2497 3010 2616 3074 (sor
2636 3009 2894 3075 quoniam)
2926 3026 2959 3058 r

537 3108 566 3158 3
600 3094 752 3144 etiam
777 3092 891 3158 (for
909 3093 1039 3150 eam)
1062 3106 1095 3141 r
1121 3090 1134 3157 Ι
1159 3092 1351 3142 incusat
1379 3092 1422 3141 C
1454 3090 1600 3156 (corr)
1958 3088 1990 3139 6
2022 3088 2087 3139 ad
2110 3089 2487 3155 percipiendum
2510 3088 2629 3155 (sor
2646 3092 2712 3141 ad
2734 3087 2890 3153 fruit.)
2928 3108 2960 3141 r

536 3190 568 3240 9
602 3176 782 3225 modus
803 3174 1027 3224 adiectus
1053 3173 1167 3239 (sor
1185 3176 1393 3224 modum
1415 3172 1657 3237 adiciens)
1681 3190 1714 3222 r
1945 3188 2005 3222 10
2036 3187 2166 3237 quae
2191 3171 2307 3236 (sor
2326 3174 2497 3238 quem)
2521 3190 2555 3221 r
2786 3188 2808 3223 1
2824 3187 2844 3223 r
2880 3180 2958 3223 est

541 3255 637 3322 (ast
655 3256 808 3322 enim)
831 3254 936 3305 add
958 3256 1002 3305 C
1195 3270 1252 3305 η
1287 3263 1362 3305 est
1383 3271 1462 3305 om
1485 3255 1530 3304 C
1555 3259 1564 3320 Ι
1590 3250 1848 3305 incausare
1870 3248 1951 3303 C*
1990 3252 1999 3317 Ι
2027 3252 2219 3301 nullum
2243 3269 2275 3302 r
2473 3268 2529 3317 13
2564 3251 2959 3319 subreliquentae

543 3337 614 3389 C*
833 3334 891 3387 16
925 3336 1116 3387 arbitrii
1145 3338 1190 3386 C
1209 3325 1357 3398 (horr)
1382 3353 1414 3384 r
1635 3348 1692 3400 17
1726 3332 1982 3400 explicans
2004 3351 2035 3383 r
2060 3332 2068 3396 Ι
2098 3340 2147 3382 et
2174 3332 2269 3398 (ast
2290 3332 2478 3398 subpl.)
2500 3332 2606 3382 add
2636 3334 2760 3385 CH:
2806 3338 2889 3383 ἐκέ
2927 3350 2960 3384 r

543 3432 603 3487 19
646 3424 696 3467 et
719 3417 938 3483 quidem,
966 3416 1255 3466 hominibus
1279 3412 1367 3481 (αθ)
1391 3431 1469 3466 om
1504 3432 1536 3465 r
1743 3430 1807 3465 ἰο
1840 3415 1905 3465 de
1924 3430 2018 3464 usu
2043 3411 2160 3478 (sor
2178 3413 2311 3478 usus)
2337 3430 2370 3463 r
2393 3412 2403 3477 Ι
2431 3416 2716 3479 propositus
2744 3414 2789 3465 C
2808 3415 2957 3477 (cm)

539 3514 603 3563 23
635 3500 700 3549 de
721 3497 820 3549 inis
841 3508 1080 3563 usurpant
1112 3499 1181 3548 H

540 3613 656 3667 idm
683 3612 791 3663 into
817 3612 903 3663 the
930 3618 1048 3661 next
1078 3611 1262 3672 clause,
1295 3610 1582 3675 neglecting
1612 3610 1699 3659 the
1796 3608 1831 3659 1.
1880 3621 1957 3672 15,
1999 3615 2132 3659 note.
2208 3607 2351 3657 Here
2390 3607 2419 3657 1
2454 3606 2613 3657 retain
2652 3604 2740 3657 the
2774 3608 2958 3673 irregu-

541 3692 772 3757 negative
805 3692 936 3741 form
967 3692 1023 3742 in
1053 3692 1219 3743 which
1247 3691 1288 3741 it
1320 3692 1421 3741 had
1453 3692 1582 3740 been
1611 3706 1697 3739 ex·
1798 3691 1945 3755 larity
1980 3692 2035 3740 in
2072 3690 2159 3741 the
2198 3698 2321 3749 text,
2356 3690 2493 3741 since
2530 3688 2569 3740 it
2610 3690 2652 3741 is
2696 3691 2961 3755 presented

541 3775 762 3843 poessed.
831 3776 880 3825 It
902 3770 946 3825 is
966 3775 1258 3839 interesting
1278 3782 1333 3825 to
1354 3788 1590 3841 compare
1613 3775 1703 3825 the
1799 3768 1929 3823 both
1948 3772 2016 3837 by
2037 3772 2125 3821 the
2148 3771 2304 3822 MSS.
2328 3771 2430 3821 and
2450 3771 2520 3835 by
2544 3771 2797 3823 Rabanus.

543 3856 742 3911 remark
779 3858 840 3909 of
867 3858 1022 3909 Oec.:
1058 3856 1142 3909 οὐκ
1173 3859 1308 3909 ἔστιν
1315 3896 1433 3909 ......
1440 3858 1705 3921 παρόραμα,
1872 3864 1947 3916 17.
2026 3852 2325 3917 subplicans]
2394 3853 2457 3903 In
2512 3854 2611 3903 this
2666 3869 2809 3905 sense
2866 3872 2956 3921 ap-

547 3940 888 4001 άποστολικόν,
949 3941 1082 3991 ἀλλὰ
1144 3942 1226 3990 καὶ
1290 3937 1438 4003 ὀρθῶς
1493 3941 1559 3991 εἰς
1611 3939 1703 4001 τὴν
1800 3934 2030 3999 parently
2050 3934 2259 3985 without
2288 3934 2519 3998 example
2531 3950 2545 3993 ;
2580 3935 2667 3984 the
2696 3936 2961 3987 translator

537 4018 744 4071 ’Δτθίδα
765 4020 1020 4081 συνήθειαν
1041 4023 1480 4086 διατεφρασμένον.
1802 4030 1963 4064 seems
1997 4022 2050 4064 to
2078 4014 2209 4065 have
2238 4014 2363 4063 used
2393 4014 2433 4064 it
2471 4021 2525 4065 to
2558 4023 2811 4081 represent
2844 4016 2957 4066 ὐτο-

611 4100 662 4153 6.
727 4104 990 4167 quae...ad
1011 4099 1340 4167 fruitionem]
1405 4104 1440 4153 d
1468 4105 1548 4167 (sc.
1575 4104 1699 4167 βρώ-
1802 4099 1997 4159 τλέξας,
2022 4096 2275 4146 ὑποπίνεις
2292 4113 2349 4146 or
2370 4096 2457 4147 the
2479 4096 2600 4147 like.

548 4182 698 4245 ματα)
735 4184 798 4233 εἰς
831 4184 1124 4246 μετάληψιν.
1199 4184 1264 4234 Ο.
1295 4185 1356 4233 L.
1391 4183 1494 4233 and
1523 4183 1695 4249 Vulg„
1874 4181 1951 4229 18.
2016 4186 2062 4231 et
2080 4178 2189 4245 qm]
2256 4178 2327 4229 So
2350 4180 2604 4240 Clarom.;
2640 4178 2705 4230 Ο.
2726 4180 2785 4230 L.
2812 4196 2961 4247 gene·

555 4260 732 4327 “quos
755 4256 836 4324 (sc.
862 4260 1154 4325 cibos)...ad
1177 4258 1604 4327 percipiendum.”
1804 4263 1931 4327 rally
1952 4262 2053 4313 and
2076 4258 2248 4325 Vulg.‚
2284 4262 2377 4311 “et
2400 4262 2479 4311 his
2500 4262 2561 4323 [s.
2590 4262 2671 4324 iis]
2694 4260 2832 4327 qui.''

617 4349 668 4405 7.'
729 4344 898 4393 Deum
917 4342 1265 4409 „.facz'entem]
1331 4344 1432 4395 For
1460 4344 1605 4395 other
1625 4343 1701 4395 in·
1868 4361 1950 4395 αα.
2016 4345 2124 4395 alia
2154 4344 2325 4406 dicen]
2406 4345 2524 4395 For.
2564 4345 2661 4409 leg.
2698 4346 2845 4395 talia.
2885 4347 2966 4397 De

547 4432 744 4479 stances
778 4427 837 4479 of
873 4428 972 4479 this
1015 4440 1118 4479 acc.
1153 4428 1261 4479 abs.
1297 4427 1362 4479 cs.
1403 4436 1443 4479 1.
1487 4442 1538 4492 p.
1585 4442 1695 4493 153,
1803 4428 1922 4486 illie,
1951 4426 2058 4490 δια,
2096 4428 2187 4477 i.e.
2217 4428 2283 4477 de
2310 4426 2541 4477 fidelibus
2560 4442 2577 4487 ς
2610 4427 2748 4478 since
2788 4426 2890 4479 Th.
2920 4429 2961 4479 is
