3250 5025
497 349 623 414 304
1459 347 1844 398 APPENDIX
1900 345 1964 396 A.

491 514 590 576 δύο
646 517 833 592 φαμὲν
884 515 1013 580 τοὺς
1064 517 1234 591 υἱούς,
1294 514 1371 581 εἷς
1426 517 1487 578 δὲ
1540 517 1658 581 viae
1758 515 1914 576 duos
1974 513 2228 575 dicimus
2285 513 2453 576 filios,
2562 533 2714 576 unus
2777 533 2924 576 uero

490 611 857 693 ὁμολογεῖται
903 611 1145 678 δικαίως·
1201 616 1427 693 ἐπείπερ
1466 614 1505 690 ἦ
1548 616 1662 676 τῶν
1759 611 1940 674 Filius
2009 610 2071 670 in
2139 611 2518 672 confessione
2587 622 2679 672 est
2747 609 2920 684 iuste,

494 706 729 785 φύσεων
778 709 1050 787 διαίρεσις
1084 708 1397 794 ἀναγκαίως
1429 710 1660 788 ὀφείλει
1757 711 2044 788 quoniam
2083 719 2426 778 naturarum
2463 709 2684 772 diuisio
2721 729 2924 770 neces-

495 806 790 883 διαμένειν,
830 807 923 867 καὶ
962 805 1001 885 ἦ
1044 810 1145 868 τοῦ
1181 807 1493 886 προσώπου
1533 809 1659 869 ἔνω-
1757 807 1912 869 sario
1940 809 2126 868 debet
2153 826 2502 883 permanere
2531 820 2592 870 et
2629 827 2922 886 personae

434 913 464 971 5
496 928 589 967 σις
624 902 1027 969 α’διασπάστως
1061 904 1471 981 φυλάττεσθαι.
1757 903 1951 966 unitio
1978 902 2405 980 indissipabilis
2431 904 2733 966 custodiri.

496 1008 589 1068 καὶ
637 1005 864 1087 εἰρηκὼς
909 999 1183 1077 πολλοῩε
1233 1001 1398 1078 γῖοῩε
1447 1000 1533 1069 eie
1594 1006 1777 1069 ΔόΞαΝ
1840 1002 2161 1084 &ardum
2221 1007 2416 1090 ἐπάγει
2474 1004 2587 1068 τόκ
2649 1001 2917 1090 ἆρχΗι-ὁκ

495 1117 609 1174 τῆς
658 1105 957 1194 σωτηρίοις
1004 1105 1214 1182 αῨτῶΝ
1271 1109 1363 1173 Διὰ
1414 1113 1804 1174 παθΗΜάτωΝ
1858 1110 2186 1174 τελειῶεω.
2277 1112 2445 1194 ὁρᾶτε
2500 1116 2617 1178 πῶς
2669 1119 2926 1194 φανερῶς

492 1216 594 1280 τᾶν
636 1218 766 1280 θεὸν
812 1216 991 1301 λόγον
1036 1219 1219 1295 φησὶν
1266 1211 1411 1297 [Διά]
1469 1221 1857 1279 ΠΛΘΗΜᾸΤωΝ
1905 1221 2323 1281 τετελειωκέναι
2369 1219 2468 1281 τᾶν
2516 1218 2920 1297 ἀναληφθέντα

492 1321 805 1400 ἄνθρωπον,
849 1321 917 1384 ὃν
961 1321 1055 1382 καὶ
1095 1317 1366 1403 ἇΡχΗΓὸΝ
1417 1324 1531 1381 Tssc
1582 1315 1933 1402 coeTHpiAc*
1975 1323 2254 1388 ἐκάλεσεν
2295 1325 2369 1390 ὥς
2408 1323 2579 1387 αὖτόν
2604 1350 2670 1386 τε
2695 1332 2923 1404 πρῶτον

396 1446 468 1484 10
493 1421 703 1496 ταύτης
742 1418 1048 1491 ἀξιωθέντα
1087 1419 1180 1479 καὶ
1220 1418 1428 1496 ἑτέροις
1467 1418 1652 1479 αἴτιον
1691 1420 2066 1482 καταστάντα.

1063 1619 1120 1676 3.
1206 1597 1441 1681 [Leont.
1474 1599 1573 1660 l.c.
1608 1600 1700 1679 (ἐκ
1740 1604 1842 1660 τοῦ
1883 1598 2053 1662 αὐτοῦ
2095 1601 2346 1686 λόγου)].

608 1728 865 1788 Ἀπασιν
916 1727 1033 1810 γὰρ
1076 1731 1193 1791 τοῖς
1245 1726 1517 1793 τοιούτοις
1572 1728 1717 1789 καταῖ
1765 1730 1872 1808 τὴν
1927 1729 2201 1812 ἐξήγησιν
2245 1730 2311 1795 τό
2355 1736 2458 1793 τοῦ
2504 1735 2633 1794 vicii
2675 1731 2921 1797 τιθέντες

496 1825 679 1904 ὄνομα.
726 1827 1100 1887 διατελοῦσιν·
1168 1823 1668 1904 ανθρωπινωτέρων
1708 1855 1821 1911 γαρ
1869 1828 2043 1889 ὄντων
2097 1832 2210 1890 τῶν
2262 1831 2588 1912 λεγομένων
2642 1829 2920 1890 ἐδικαίουν

496 1924 672 2005 ταύτῃ
720 1923 1034 2003 κεχρῆσθαι
1073 1928 1149 2002 τῇ
1197 1927 1380 2002 φωνῇ,
1427 1921 1628 2001 ἥντινα
1671 1928 1764 1987 καὶ
1808 1925 1947 1988 εἶναι
1989 1925 2136 2007 αυτῷ
2177 1927 2284 2005 τήν
2326 1927 2720 2012 προσηγορίαν
2761 1929 2920 1990 συνέ-

496 2025 709 2100 βαινεν.
799 2025 891 2086 καὶ
937 2023 1027 2087 ὅτι
1078 2021 1305 2098 Ἰησοῦς
1357 2021 1535 2101 ὄνομα
1587 2026 1689 2084 τοῦ
1733 2023 2167 2102 ἀναληφθέντος
2207 2053 2244 2103 η
2293 2025 2669 2108 προσηγορία,
2720 2025 2915 2106 ὥσπερ

398 2152 421 2192 1
434 2151 465 2210 5
498 2123 591 2182 καὶ
636 2125 747 2182 τῶν
792 2121 1137 2183 α’ποστόλων
1187 2146 1253 2181 το
1302 2122 1523 2201 Πέτρος
1578 2123 1672 2184 καὶ
1725 2127 1978 2198 Παῦλος,
2030 2123 2067 2202 ἢ
2117 2151 2166 2186 ει
2213 2150 2268 2185 τι
2308 2128 2534 2186 τοιοῦτο
2587 2125 2921 2207 λεγόμενον·

495 2217 667 2282 οὕτως
692 2244 755 2280 τε
784 2218 1092 2296 ἑπικληθεν
1122 2217 1267 2298 αυτῷ
1300 2245 1446 2296 μετα
1477 2217 1581 2295 τὴν
1611 2221 1881 2303 γε’ννησιν
1905 2221 2011 2299 τὴν
2038 2225 2099 2283 ἐκ
2125 2222 2351 2300 Μαρίας
2594 2223 2632 2259 ⁴¹¹*
2877 2223 2915 2259 ⁴¹¹*

604 2422 656 2476 4
752 2397 989 2483 [Leont.
1034 2402 1071 2461 l.
1094 2423 1133 2462 c,
1184 2401 1270 2480 (ἐκ
1311 2403 1413 2460 τοῦ
1453 2398 1624 2460 αὖτοΰ
1664 2400 1883 2482 λόγου).
1971 2405 2103 2462 Act.
2150 2404 2339 2464 Cone.
2383 2405 2504 2464 CP.
2536 2401 2593 2463 ii.
2627 2421 2705 2465 lv.
2739 2421 2815 2479 47

675 2497 1023 2579 (“eiusdem
1052 2519 1125 2560 ex
1151 2498 1303 2560 libro
1329 2496 1695 2560 duodecimo
1723 2501 1802 2562 de
1833 2500 2350 2581 Incarnatione”).
2436 2500 2572 2579 Vig.
2604 2497 2728 2584 48].

576 2629 768 2692 Ἀλλὰ
811 2631 953 2710 πρὸς
994 2630 1165 2691 τοῦτο’
1207 2636 1395 2706 φασιν
1446 2629 1538 2691 ὅτι
1584 2629 1655 2691 τὰ
1834 2634 1955 2693 Sed
1998 2635 2078 2694 ad
2119 2634 2240 2694 hoc
2282 2633 2496 2694 dicunt
2537 2633 2702 2710 quod
2742 2634 2916 2695 Iesus

492 2725 717 2804 Ἰησοῦς
732 2725 911 2804 ὄνομα
926 2732 1158 2803 σωτῆρα
1172 2726 1492 2803 σημαίνειῒ.
1546 2751 1660 2785 σω·
1752 2748 1975 2790 nomen
2018 2731 2376 2789 saluatorem
2418 2728 2744 2807 significat3
2803 2732 2918 2790 sal-

494 2823 605 2903 τῆρ
642 2822 705 2883 δὲ
747 2822 979 2901 (φασὶν)
1020 2827 1141 2884 πῶς
1180 2818 1249 2880 ἂν
1288 2818 1321 2880 ὁ
1360 2820 1658 2899 ἅνθρωπος
1749 2834 1923 2885 uator
1999 2836 2200 2885 autem
2261 2823 2521 2905 (dicunt)
2603 2828 2915 2901 quomodo

394 2946 472 2985 20
495 2922 763 3004 λέγοιτο,
819 2918 1261 2996 ἐπιλελησμένοι
1304 2917 1394 2979 ὅτι
1432 2919 1660 2996 Ἰησοῦς
1752 2921 1850 2981 ille
1905 2923 2093 2982 homo
2147 2920 2379 2981 dicatur
2395 2924 2425 2980 Ρ
2517 2921 2689 2982 obliti
2744 2924 2913 2998 quod

498 3021 729 3102 ἐλέγετο
770 3016 864 3077 καὶ
896 3041 929 3075 ο
967 3020 1069 3077 τοῦ
1110 3016 1295 3092 Ναυή,
1342 3017 1437 3077 καὶ
1475 3044 1541 3078 το
1584 3016 1656 3095 δη
1753 3020 1924 3079 Iesus
1961 3017 2271 3079 dicebatur
2305 3018 2486 3079 etiam
2523 3017 2678 3078 filius
2717 3020 2913 3093 Naue,

498 3113 847 3193 θαυμαστόν,
917 3116 1018 3175 οὔκ
1084 3112 1201 3174 ἀπό
1266 3139 1419 3180 τινος
1485 3116 1658 3181 οὕτως
1754 3125 1816 3177 et
1859 3114 2048 3194 (quod
2089 3115 2426 3176 mirandum
2463 3116 2580 3195 est)
2615 3116 2756 3192 quia
2789 3134 2914 3177 non

498 3214 728 3291 κληθεὶς
794 3238 1098 3292 συντυχιας
1158 3216 1218 3273 ἐν
1283 3216 1357 3293 τῇ
1415 3214 1654 3296 γενέσει,
1754 3212 1839 3273 sic
1879 3224 2132 3273 uocatus
2172 3224 2263 3274 est
2299 3213 2544 3274 fortuito
2578 3213 2641 3274 in
2677 3233 2920 3293 genera—

496 3311 655 3373 ἀλλὰ
693 3310 1137 3389 μετονομασθεὶς
1180 3308 1294 3370 οἷπο
1342 3314 1443 3371 τοῦ
1490 3316 1659 3371 Μωΰ-
1753 3310 1936 3383 tione,
1957 3312 2066 3371 sed
2085 3310 2592 3371 transnominatus
2619 3332 2656 3371 a
2680 3315 2914 3389 Moyse.

397 3435 467 3494 25
498 3435 657 3474 σεως.
721 3410 898 3485 δῆλον
937 3409 996 3468 δὲ
1029 3434 1101 3471 ως
1139 3408 1240 3468 οὒκ
1276 3434 1347 3467 αν
1382 3433 1518 3469 αυτο
1547 3409 1656 3471 θεῖ·
1753 3418 1982 3467 certum
2012 3420 2102 3468 est
2131 3408 2296 3484 quod
2325 3426 2448 3468 non
2478 3408 2598 3467 hoc
2625 3408 2914 3485 inponere

500 3534 591 3571 ναι
645 3506 731 3569 ἐπ’
780 3507 1080 3586 ἀνθρώπου
1144 3504 1439 3587 ἠνέσχετο,
1498 3508 1656 3587 εἴπερ
1752 3506 1982 3568 homini
2023 3508 2375 3585 patiebatur,
2422 3506 2472 3567 si
2511 3518 2716 3568 autem
2765 3504 2917 3567 diui·

498 3608 651 3671 θείας
674 3604 748 3684 ἦν
771 3604 995 3669 πάντως
1018 3605 1242 3680 φύσεως
1268 3601 1634 3682 σημαντικόν.
1753 3624 1895 3665 nam
1929 3616 2203 3666 naturam
2241 3604 2596 3666 omnimodo
2629 3604 2920 3683 significa·

1755 3706 1878 3765 bat.

498 3890 553 3951 5.
640 3868 877 3952 [Leont.
921 3869 959 3927 l.
984 3886 1023 3927 c.
1074 3867 1163 3946 (ἐκ
1203 3870 1307 3927 τοῦ
1348 3868 1521 3929 αὐτοῦ
1556 3867 1779 3951 λόγου).
1867 3874 2000 3931 Act.
2034 3873 2221 3933 Cone.
2257 3872 2380 3932 CP.
2418 3868 2476 3929 ii.
2508 3887 2563 3930 v.
2607 3868 2742 3949 (“et
2777 3880 2916 3945 post

576 3986 773 4045 pauca
798 3965 1235 4040 Theodorus”;
1279 3968 1388 4026 “et
1414 3977 1555 4043 post
1582 3966 1740 4026 alia''
1771 3964 2042 4049 [supra]).
2131 3967 2220 4029 Cf.
2257 3966 2544 4043 Lagarde,
2575 3983 2634 4041 p,
2673 3960 2830 4044 108].

583 4088 971 4173 Πολγμερῶε
1056 4087 1147 4152 καὶ
1230 4092 1650 4173 πολγτρόπωο
1833 4090 1926 4149 M
1917 4088 2179 4163 ulttfhrie
2217 4090 2523 4162 multisque
2563 4088 2746 4145 modis
2777 4084 2916 4145 olim

392 4228 471 4285 30
497 4196 675 4259 πάλαι
722 4194 758 4256 ὁ
795 4192 943 4257 θεὸς
973 4193 1241 4256 λαλήσας
1272 4189 1400 4256 τοῖς
1432 4195 1652 4279 πατρά-
1753 4196 1923 4254 Deus
1959 4196 2176 4254 locutus
2200 4194 2480 4271 patribus
2516 4194 2578 4251 in
2599 4192 2916 4269 prophettk,

796 4342 857 4393 19
888 4328 932 4377 si
953 4327 1135 4377 dieitur
1158 4328 1276 4391 (sor
1294 4325 1487 4391 dicunt)
1528 4328 1579 4378 V
1891 4342 1956 4393 23
1988 4328 2054 4378 sit
2074 4344 2124 4376 u.
2151 4326 2269 4390 (sbr
2287 4326 2359 4375 sic
2381 4342 2432 4375 ιι.
2459 4324 2554 4389 est)
2591 4324 2636 4373 V

957 4426 985 4451 ⁴*
1023 4428 1157 4478 Heb.
1190 4428 1241 4479 ii.
1274 4446 1349 4479 ιο.
1994 4425 2028 4479 Ἰ·
2060 4426 2138 4488 [S.
2165 4427 2312 4476 Matt.
2341 4424 2374 4475 i.
2407 4422 2513 4485 τι]
