3250 5025
362 400 759 484 1.12,13J¹

1230 412 1313 462 IN
1363 412 1469 463 ΕΡ.
1515 410 1618 461 ΑΙ)
1664 410 1925 464 TITUM.

2655 410 2795 475 243³

362 588 484 653 sed
514 609 605 653 ex
636 582 964 670 gentibus.
1054 584 1308 648 dictum
1341 594 1443 649 est
1474 593 1699 649 autem
1732 605 1774 649 a
1796 595 1998 667 poeta
2032 574 2458 651 Cretensibus
2490 604 2570 647 eo
2600 568 2796 665 quod¹

364 694 688 775 derogare
742 688 871 752 illis
932 685 1162 768 uoluit,
1225 708 1305 751 ea
1365 688 1618 751 ratione
1679 708 1882 770 quam
1932 689 2418 771 promittebant
2471 707 2544 750 se
2598 683 2782 750 Iouis

364 816 563 879 posse
592 791 1015 875 sepulchrum
1063 792 1129 856 in
1167 794 1303 856 suis
1338 800 1724 869 monstrare,
1759 811 1893 855 non
1930 790 2203 856 homine
2233 793 2568 856 existente
2620 790 2786 853 Ioue

364 902 467 982 (ut
490 909 693 984 poeta
715 897 1158 982 opinabatur),
1180 899 1295 962 sed
1329 900 1474 962 de0.
1537 894 1699 978 †illi
1732 916 1891 960 uero
1920 897 2033 979 qui
2071 905 2301 961 contra
2333 896 2783 961 Christianum

365 1005 615 1087 dogma
666 1003 1319 1085 contrascripserunt,
1375 1001 1504 1065 hoc
1564 1001 1632 1064 in
1693 1001 1840 1064 loco
1889 1001 2208 1065 dixerunt
2259 1003 2461 1064 etiam
2511 1000 2783 1063 beatum
2863 1007 2894 1073 5

370 1108 651 1174 Paulum
706 1109 1047 1189 recepisse,
1094 1128 1175 1169 eo
1224 1108 1403 1189 quod
1456 1106 1629 1170 iusta
1683 1106 1936 1169 ratione
1984 1105 2150 1170 haec
2195 1113 2396 1188 poeta
2444 1125 2566 1187 pro
2621 1104 2788 1167 Ioue

368 1213 687 1275 aduersus
752 1210 1105 1276 Cretenses
1164 1210 1454 1286 dixerit3
1529 1230 1664 1275 non
1741 1210 2160 1275 intendentes
2233 1230 2450 1294 neque
2509 1206 2784 1273 modum

370 1314 721 1397 apostolici
753 1314 936 1394 dicti,
971 1334 1186 1396 neque
1216 1313 1380 1376 illud
1412 1313 1591 1396 quod
1624 1312 1912 1378 dixerit:
1957 1313 2391 1377 testimonium
2420 1312 2534 1377 hoc
2559 1332 2786 1376 uerum

366 1428 476 1483 est.
568 1437 701 1481 non
750 1418 927 1481 enim
978 1436 1222 1500 poema
1280 1435 1497 1498 neque
1550 1424 1792 1499 poetae
1841 1436 2074 1481 uocem
2128 1416 2378 1498 recipit,
2429 1416 2547 1480 sed
2597 1418 2786 1500 quasi

372 1523 724 1605 prouerbio
776 1520 1069 1605 quodam
1131 1530 1373 1603 poetae
1432 1540 1597 1583 uoce
1657 1520 1926 1599 abusuS,
1987 1541 2069 1584 eo
2128 1520 2310 1605 quod
2386 1520 2556 1583 forte
2627 1528 2788 1584 tunc
2824 1532 2901 1577 10

498 1685 563 1752 οἱ
619 1685 791 1752 κατὰ
854 1687 988 1751 τῶν
1051 1690 1520 1775 χριστιανικῶν
1577 1683 2014 1769 συντάξαντες
2088 1682 2433 1769 δογμάτων
2504 1682 2790 1749 ἐνταῦθα

370 1786 631 1875 ἔφασαν
678 1788 791 1856 καὶ
838 1786 953 1855 τὸν
999 1788 1319 1875 μακάριον
1368 1786 1649 1855 Παῦλον
1699 1786 2152 1877 ἀποδέχεσθαι
2194 1786 2314 1870 τὴν
2352 1790 2471 1854 τοῦ
2512 1789 2792 1867 ποιητοῦ

370 1892 596 1978 φωνὴν
653 1891 767 1958 καὶ
824 1893 1282 1977 ἐπιμαρτυρεῖν
1340 1888 1534 1978 αὐτῷ,
1589 1890 1675 1962 ὥς
1733 1889 1818 1958 ἂν
1875 1888 2142 1961 δικαίως
2199 1894 2412 1957 ταῦτα
2459 1887 2626 1976 ὑπὲρ
2655 1893 2790 1955 ’τοῦ

371 1994 529 2067 Διὸς
574 1993 729 2082 περὶ
788 1996 1069 2082 Κρητῶν
1116 1992 1422 2081 εἰρηκότι,
1469 1990 1546 2059 οὗ
1606 1993 2150 2082 προσεσχηκότες
2201 1990 2354 2060 οὔτε
2411 1995 2506 2081 τῷ
2563 1992 2790 2080 τρόπῳ

369 2100 487 2177 Τῆς
560 2100 677 2164 τοῦ
734 2095 1117 2163 ἀποστόλου
1172 2096 1497 2185 χρήσεως,
1557 2094 1711 2163 οὔτε
1769 2097 1864 2184 τῷ
1936 2097 1974 2161 *i
2037 2094 2328 2183 Μαρτγρῖα
2393 2096 2546 2171 afri-1
2622 2093 2786 2161 ἑστὶΝ
2827 2106 2900 2173 15

370 2197 629 2266 (ἵληθι-ἰε’
702 2197 781 2266 οὗ
843 2198 974 2286 ’γὰρ
1035 2198 1110 2266 τὸ
1168 2199 1425 2283 ποίημα
1481 2198 1632 2266 οὐδὲ
1687 2196 1808 2281 τὴν
1864 2202 1980 2265 τοῦ
2038 2201 2314 2281 πονητοῦ
2387 2196 2794 2289 ἀποδέχεται

374 2304 611 2391 φωνήν,
643 2299 799 2369 ἀλλ’
839 2301 926 2375 ὥς
964 2302 1287 2396 παροιμίᾳ
1325 2305 1407 2389 τῇ
1448 2306 1564 2371 τοῦ
1596 2307 1874 2385 ποιητοῦ
1905 2306 2091 2391 φωνῇ
2127 2304 2560 2394 χρησάμενος,
2590 2303 2794 2394 τυχὸν

473 2479 503 2515 2
536 2480 637 2531 qua
663 2465 708 2516 C
728 2466 877 2528 (corr)

374 2547 619 2598 existante
643 2547 769 2598 Ioue
794 2549 839 2598 C
853 2545 1003 2614 (corr)

373 2628 429 2679 in
450 2629 565 2694 (fir
582 2629 811 2694 modum)
834 2630 903 2679 H
1027 2644 1087 2679 10
1108 2645 1285 2680 uocem
1313 2629 1359 2678 C
1377 2631 1443 2680 H
1455 2646 1489 2679 r

1148 2478 1179 2530 3
1210 2465 1491 2518 ministrare
1511 2466 1581 2518 H
1597 2465 1606 2533 Ι
1635 2466 1896 2518 hominum
1918 2467 2162 2518 existante
2185 2467 2361 2518 Iouem
2389 2465 2538 2517 c*H
2590 2466 2796 2518 homine

1135 2560 1164 2610 5
1200 2549 1501 2614 scripserunt
1527 2551 1575 2600 C

1702 2562 1730 2614 7
1767 2549 2041 2600 Cretensen
2061 2548 2137 2600 C*
2207 2549 2498 2601 Cretensem
2519 2549 2587 2598 H
2603 2548 2614 2616 Ι
2641 2549 2796 2600 modo

1620 2646 1640 2680 1
1656 2646 1674 2679 1
1713 2645 1788 2696 sq.
1819 2629 1976 2681 Coisl.
1996 2646 2108 2691 ⁴204,
2137 2631 2172 2680 f.
2190 2641 2284 2694 227
2307 2645 2338 2678 a
2361 2630 2469 2694 [Cr.
2493 2630 2580 2679 vii.
2604 2642 2684 2695 91,
2709 2629 2794 2679 Fr.

379 2713 493 2775 157]
528 2709 771 2775 θεόδωρος.
796 2712 875 2760 καὶ
899 2710 1125 2774 θεόδωρος
1156 2711 1209 2761 δὲ
1238 2708 1411 2772 ὁμοίως
1431 2713 1583 2774 φησὶν
1601 2711 1690 2774 [sc.
1719 2713 1988 2776 σευηριανῷ
2008 2711 2077 2778 (v.
2103 2712 2189 2764 Cr.
2214 2714 2248 2762 l.
2273 2713 2379 2776 c.)]·
2405 2715 2448 2762 ol
2471 2713 2613 2776 κατά,
2642 2717 2794 2765 ecs->.-

382 2807 438 2858 15
472 2794 548 2844 ὅτι
569 2793 667 2856 (for
689 2790 818 2857 οὔτε)
842 2792 958 2842 cod.

378 2937 629 2990 Scholiast
652 2945 704 2988 to
719 2938 911 2989 Lucian
926 2936 1146 3003 (Fabric.
1164 2951 1202 2987 1.
1223 2936 1304 3004 33)
1322 2955 1535 3002 χρησμο-

376 3021 539 3083 λόγος,
562 3023 630 3087 by
653 3023 883 3075 Socrates
905 3023 991 3072 the
1012 3022 1255 3073 historiari
1282 3021 1530 3083 τελεστὴς,

378 3105 480 3156 and
503 3107 571 3169 by
594 3107 739 3156 Plato
762 3106 995 3166 (Ellicott
1020 3105 1091 3154 ad
1106 3105 1158 3154 Ιι.
1174 3105 1235 3166 l.)
1258 3106 1381 3155 θεῖος
1402 3103 1532 3168 ἁνήρ.

449 3204 495 3254 3.
551 3205 653 3238 non
687 3189 886 3238 homine
916 3189 1161 3248 existente,
1200 3188 1315 3249 &c.]
1382 3188 1536 3238 Caui-

382 3272 589 3322 machus
622 3272 805 3334 [Clem.
833 3271 981 3320 Alex.
1018 3271 1120 3320 coh.
1155 3271 1228 3319 ad
1259 3272 1349 3320 Gr.
1372 3271 1427 3320 ii.
1453 3271 1539 3335 37]

380 3361 462 3418 ap.
486 3353 694 3416 Chrys-z
729 3353 807 3399 καὶ
829 3348 930 3414 γὰρ
950 3349 1123 3412 τάφον,
1165 3346 1206 3400 ὦ
1234 3347 1341 3411 ἄνα,
1370 3352 1475 3400 σεῖο
1501 3351 1510 3416 Ι

383 3434 569 3498 Κρῆτες
612 3430 945 3494 ἐτεκτήναντο·
994 3433 1057 3482 σὺ
1082 3430 1126 3481 δ’
1161 3430 1215 3482 οὐ
1248 3429 1403 3493 θάνες,
1432 3434 1541 3483 ἐσσὶ

380 3517 476 3580 γὰρ
497 3515 605 3565 αἰεί.

448 3617 497 3662 4.
556 3599 641 3648 illi
670 3613 787 3647 uero
823 3597 930 3662 qui,
970 3596 1091 3658 δια]
1157 3600 1189 3624 “
1209 3595 1260 3646 It
1290 3595 1383 3646 has
1414 3595 1544 3646 been

384 3677 617 3744 objected
639 3677 749 3728 that
772 3677 825 3728 S.
857 3678 979 3727 Paul
1002 3678 1241 3727 endorses
1262 3693 1295 3726 a
1324 3675 1544 3726 heathen

384 3761 545 3826 poet's
566 3759 725 3811 belief
752 3760 804 3809 in
826 3760 914 3810 the
936 3759 1075 3823 deity
1098 3760 1158 3810 of
1182 3759 1341 3820 Zeus3
1373 3759 1465 3808 but
1488 3758 1541 3808 in

383 3841 483 3891 fact
525 3841 591 3891 he
635 3839 811 3890 makes
852 3839 1061 3889 himself
1108 3837 1417 3904 responsible
1466 3837 1544 3887 for

383 3922 599 3987 nothing
620 3937 759 3971 more
782 3921 905 3971 than
928 3921 1014 3971 the
1035 3921 1218 3985 charge
1250 3919 1310 3970 of
1334 3935 1545 3970 unvera·

382 4002 486 4068 city
506 4003 674 4053 which
694 4003 783 4052 the
804 4009 925 4067 poet
946 4003 1053 4067 lays
1074 4002 1270 4067 against
1302 4001 1387 4051 the
1421 3999 1541 4051 Cre·

382 4084 533 4136 tans:
600 4083 680 4135 cf.
720 4085 927 4150 Chrys.=
966 4085 1099 4134 εἶπεν
1132 4085 1157 4134 ὁ
1180 4081 1435 4146 προφήτης
1467 4085 1541 4133 ὅτι

385 4168 643 4230 ψεύδονται
685 4168 730 4216 οἱ
767 4165 957 4231 Κρῆτες
993 4169 1038 4216 οὶ
1074 4168 1161 4217 τὸν
1196 4167 1290 4215 Δία
1326 4163 1542 4215 εἰπόντες

382 4251 798 4310 τετελευτηκέναι.
886 4249 1183 4313 ἐβεβαίωσεν
1227 4250 1319 4308 τὴν
1367 4265 1543 4311 μαρτυ-

382 4333 490 4396 ρίαν
512 4329 659 4382 αὑτοῦ
691 4331 719 4380 ὀ
748 4327 1036 4380 ἀπόστολος.
1140 4325 1431 4379 οἰκοῦνκατὰ
1459 4327 1543 4377 τὸν

379 4412 656 4464 ἀπόστολον
677 4411 913 4465 ἀθάνατος
934 4413 959 4462 ὁ
983 4410 1261 4464 &bs-...mbr
1282 4413 1415 4461 ἐστὶν
1437 4413 1544 4460 τοῦ·

383 4513 444 4545 το
462 4493 823 4556 ἐπιλύσασθαις
858 4492 914 4544 οὗ
939 4496 1082 4544 τοῦτο
1113 4494 1245 4543 εἶπεν
1276 4493 1305 4543 ὁ
1332 4488 1543 4542 ἀπόστο·

1162 2804 1221 2856 17
1254 2792 1432 2856 χρῆσιν
1456 2793 1553 2856 (for
1574 2795 1764 2856 φωνήν)
1801 2795 1884 2844 Fr.
1913 2800 1970 2856 φ.
1993 2809 2094 2846 om.
2124 2794 2238 2856 Cr.;
2273 2801 2383 2856 txt.,
2409 2794 2524 2846 cod.

1636 2944 1738 3000 λος,
1759 2940 1891 2991 ἀλλαῖ
1915 2937 2082 2992 ἁπλῶς
2111 2939 2257 2991 οὕτως
2287 2941 2466 3004 ἔλαβεν
2495 2937 2586 3000 τὴν
2618 2957 2797 3004 μαρτυ·

1635 3025 1746 3089 ρίαν
1785 3027 1865 3076 καὶ
1904 3021 2100 3086 α’φελῶς
2138 3022 2255 3088 πρὸς
2291 3021 2349 3072 τό
2393 3022 2506 3085 ἦθος
2545 3019 2702 3072 αὐτῶν
2742 3019 2799 3073 ro*

1638 3108 1951 3170 ἐψευσμένον.
2011 3107 2157 3158 Hier.
2175 3107 2248 3156 ad
2261 3106 2324 3156 l..·
2346 3111 2572 3173 “putant
2592 3106 2800 3172 quidam

1639 3189 1926 3253 apostolum
1947 3188 2416 3255 reprehendendum
2441 3186 2580 3252 quod
2612 3187 2799 3253 impru-

1640 3271 1817 3327 denter
1849 3270 2017 3336 lapsus
2038 3270 2119 3330 sit,
2145 3277 2197 3320 et
2231 3271 2352 3319 dum
2385 3271 2536 3322 falsos
2568 3273 2801 3324 doctores

1641 3351 1819 3416 arguit,
1870 3351 2012 3400 illum
2055 3350 2358 3400 uersiculum
2395 3353 2795 3416 comprobarit...

1641 3435 1824 3499 quibus
1859 3433 2078 3483 breuiter
2113 3433 2519 3498 respondendum
2557 3441 2802 3486 est...non

1645 3523 1807 3566 totum
1849 3531 1977 3582 opus
2011 3513 2309 3566 Callimachi
2343 3514 2450 3566 siue
2487 3516 2804 3582 Epimenidis

1651 3615 1800 3664 ...per
1825 3614 1980 3648 unum
2012 3597 2313 3648 uersiculum
2345 3598 2675 3660 confirmauit,
2713 3601 2803 3650 sed

1647 3677 1910 3729 Cretenses
1951 3685 2145 3729 tantum
2182 3677 2450 3732 mendaces
2481 3679 2609 3730 uitio
2637 3680 2804 3745 gentis

1645 3757 1972 3826 increpauit.'’

1712 3855 1760 3905 5.
1813 3839 2312 3906 contrascnjoserunt]
2343 3843 2440 3894 See
2463 3841 2802 3902 Hildebrand,

1643 3924 1936 3988 Apul.11.p.
1951 3935 2064 3989 597.
2099 3923 2179 3974 Cf.
2192 3925 2528 3974 contr-astum
2543 3923 2600 3984 (1.
2615 3940 2668 3990 p.
2689 3925 2796 3984 108,

1645 4005 1680 4053 l.
1712 4017 1786 4068 15,
1814 4003 1946 4066 &c.),
1973 4003 2076 4054 and
2097 4004 2184 4054 the
2204 4005 2518 4069 compounds
2547 4006 2607 4055 of
2631 4013 2802 4057 contra

1643 4082 1778 4134 cited
1792 4083 1859 4147 by
1869 4081 2111 4138 Paucker,
2121 4083 2438 4132 meld-laist.
2453 4084 2565 4140 alt„
2579 4083 2633 4133 ii.
2651 4100 2702 4148 p.
2726 4101 2801 4148 ¹4·

1709 4177 1755 4228 9.
1850 4177 1954 4213 non
1995 4164 2129 4213 enim
2157 4171 2348 4228 poema,
2395 4163 2510 4225 δια]
2573 4163 2800 4227 Jerome:

1647 4250 1678 4274 ‘⁶
1693 4261 1794 4295 non
1819 4251 1980 4296 totum
2003 4260 2205 4295 carmen
2227 4245 2293 4295 de
2325 4261 2428 4310 quo
2460 4245 2804 4297 testimonium

1645 4327 1871 4387 sumitur,
1897 4343 2000 4376 non
2021 4326 2308 4377 uniuersum
2331 4343 2474 4393 opus,
2497 4329 2585 4378 sed
2608 4335 2805 4379 tantum

1645 4410 1744 4460 hoc
1766 4409 2123 4470 testimonium,
2151 4409 2236 4461 hic
2255 4409 2527 4462 uersiculus
2547 4427 2651 4478 quo
2671 4427 2806 4462 men-

1646 4491 1780 4542 daces
1801 4489 2094 4542 uocantur.”

2423 4590 2628 4652 16—2
