3250 5025
1204 348 1665 403 THEODORUS
1713 350 2306 411 MOPSUESTENUS

552 343 683 411 254
2637 347 2795 432 [III.
2827 352 2886 427 8,
2917 369 2975 431 9.

548 517 837 598 operibus
868 530 1161 601 praeesse
1202 522 1282 587 lei
1329 525 1450 606 qui
1478 525 1891 592 crediderunt
1935 528 2076 593 Deo
2095 553 2128 606 ,·
2188 530 2343 595 haec
2384 522 2559 597 enim
2599 544 2762 599 sunt
2790 537 2973 614 bona,

548 620 745 683 utilia
768 622 1157 689 hominibus.

679 752 866 813 ‘cum
919 753 1096 815 enirn
1148 754 1495 819 indubium
1545 757 1632 821 sit
1682 768 1750 821 et
1809 778 2040 823 uerum
2104 763 2284 844 quod
2345 764 2471 846 ipsi
2521 766 2972 831 misericordia

549 849 678 914 Dei
725 862 916 918 tanta
968 876 1198 921 sumus
1247 860 1422 923 bona
1463 860 1978 927 adsecuti—hoc
2023 866 2199 929 enim
2247 868 2408 931 dicit
2437 870 2638 953 fidele
2681 870 2968 945 uerbum,

482 972 512 1039 5
548 956 1093 1037 praecedentibus
1141 960 1303 1024 illud
1346 962 2240 1031 adnectens—necessarium
2282 972 2512 1054 utique
2556 984 2658 1039 est
2704 987 2780 1042 ut
2825 980 2970 1061 ipse

545 1083 696 1126 cum
742 1063 953 1127 multa
992 1064 1234 1129 fiducia
1271 1064 1357 1127 de
1402 1064 1504 1129 his
1550 1066 1816 1144 doceaS‚
1851 1078 1918 1131 et
1963 1071 2312 1137 consilium
2360 1074 2480 1139 des
2513 1077 2642 1142 illis
2685 1082 2800 1163 qui
2830 1102 2970 1144 cre-

544 1168 856 1233 diderunt
905 1168 1055 1232 Deo
1114 1177 1443 1251 quatenus
1501 1169 1916 1252 diligentiam
1979 1177 2518 1242 conuenientium
2581 1181 2968 1262 adhibeant,

543 1292 625 1334 eo
685 1272 867 1355 quod
929 1272 1056 1335 ista
1116 1272 1344 1334 iuuare
1403 1284 1687 1355 possunt
1762 1274 2081 1340 homines,
2191 1299 2326 1343 non
2401 1302 2562 1365 ergo
2623 1285 2734 1349 illa
2793 1308 2970 1370 quae

542 1375 864 1439 uirtutum
926 1386 1082 1439 sunt
1142 1378 1551 1441 contentioni
1611 1387 1681 1443 et
1751 1379 1850 1443 liti
1901 1380 2244 1463 deputari.'
2333 1394 2400 1449 et
2462 1390 2621 1470 quia
2682 1392 2963 1455 aliorum

439 1488 518 1535 10
544 1476 955 1558 impietatem
988 1478 1177 1561 quasi
1210 1488 1658 1560 opportunam
1693 1483 2108 1547 occasionem
2141 1490 2584 1553 contentionis
2615 1512 2688 1556 se
2716 1492 2965 1559 habere

542 1581 971 1659 existimauit,
1020 1583 1172 1645 ideo
1227 1585 1453 1647 omnia
1512 1585 1642 1648 ista
1689 1585 1775 1649 ad
1839 1587 2002 1651 illud
2067 1589 2359 1656 reddidit
2420 1596 2602 1676 quod
2661 1600 2965 1679 superius

540 1684 845 1749 dixerat:
899 1707 1217 1750 commone
1243 1708 1345 1750 eos
1357 1688 1836 1773 principatibus
1863 1702 1928 1756 et
1937 1696 2361 1775 potestatibus
2387 1696 2676 1762 subditos
2702 1720 2845 1764 esse.

670 1787 798 1852 hoc
833 1789 991 1873 quia
1037 1789 1105 1853 in
1146 1788 1294 1854 loco
1326 1811 1594 1856 omnem
1628 1814 1896 1857 sensum
1927 1794 2269 1876 conclusit,
2307 1798 2552 1864 deinde
2581 1821 2958 1868 sermonem

538 1912 732 1955 suum
765 1895 981 1971 uertit,
1012 1894 1098 1959 de
1127 1894 1258 1959 illis
1287 1894 1513 1961 dicens
1544 1897 1659 1981 qui
1689 1918 1778 1961 ex
1811 1900 2306 1965 circumcisione
2337 1913 2566 1969 erant:

435 2056 457 2101 1
471 2052 505 2121 5
666 2046 904 2109 stultas
964 2046 990 2130 (
1002 2046 1239 2133 inquit)
1299 2050 1693 2133 quaestiones
1748 2061 1813 2115 et
1857 2052 2270 2147 genealogias
2324 2064 2390 2119 et
2434 2056 2852 2121 contentiones
2899 2068 2964 2123 et

538 2146 724 2212 rixas
750 2149 911 2233 legis
938 2149 1157 2215 deuita
1178 2175 1211 2227 ,·
1254 2161 1412 2215 sunt
1436 2162 1654 2216 autem
1689 2153 1951 2218 inutiles
1977 2166 2042 2219 et
2069 2177 2293 2221 uanae.

668 2300 749 2342 eo
792 2277 975 2360 quod
1015 2278 1145 2342 illis
1176 2278 1242 2341 in
1282 2280 1697 2362 temporibus
1735 2281 1949 2346 multa
1994 2284 2319 2349 nociuitas
2362 2285 2680 2351 ecclesiae
2708 2288 2795 2351 ab
2827 2287 2957 2353 illis

535 2383 956 2461 inserebatur,
1011 2384 1163 2447 ideo
1213 2384 1358 2467 ipsa
1416 2385 1814 2449 necessitate
1874 2386 2183 2453 addictus
2243 2397 2313 2453 et
2374 2389 2494 2475 [in]
2557 2391 2953 2473 principium

534 2487 859 2572 epistolae
906 2497 975 2554 et
1020 2488 1088 2554 in
1134 2488 1333 2553 finem
1386 2499 1794 2555 memoratus
1839 2500 1941 2556 est
1987 2512 2260 2572 eorum3
2323 2495 2419 2559 sic
2466 2494 2668 2560 etiam
2724 2494 2955 2559 fecisse

642 2688 661 2723 ι
702 2680 751 2724 et
778 2673 875 2740 (ast
892 2673 1046 2739 bona)
1069 2674 1176 2723 add
1190 2691 1223 2725 r

534 2770 638 2806 non
660 2763 897 2819 ergo...et
920 2771 1077 2805 uanae
1102 2756 1159 2818 [l.
1192 2755 1271 2816 16]
1294 2772 1373 2805 om
1396 2773 1429 2806 r

533 2839 883 2889 occansionem
905 2837 1249 2889 contentiones
1277 2836 1354 2887 C*

531 2933 611 2968 om
639 2917 684 2967 C
700 2918 770 2966 H

1482 2690 1511 2739 3
1546 2692 1650 2727 non
1672 2676 1881 2726 dubium
1905 2692 1938 2725 r
2173 2674 2206 2727 6
2237 2679 2540 2730 crediderint
2563 2695 2596 2728 r
2820 2681 2852 2730 8
2874 2695 2950 2745 sq.

1613 2771 1646 2822 9
1677 2757 2002 2808 contentione
2022 2758 2092 2807 H
2107 2755 2116 2822 Ι
2146 2773 2276 2822 quae
2301 2760 2414 2824 (jor
2434 2761 2571 2826 quia)
2601 2759 2678 2810 C*
2701 2761 2770 2811 H
2897 2777 2956 2812 ιο

1526 2855 1578 2890 11
1618 2840 1905 2891 existimant
1922 2841 1990 2891 H
2159 2857 2217 2891 ια
2259 2859 2526 2895 commune
2549 2845 2610 2894 H
2627 2844 2654 2893 l
2809 2855 2868 2907 17
2903 2843 2955 2893 in

531 3071 875 3137 representing
911 3069 1305 3135 διαβεβαιοῦσθαι
1344 3072 1425 3132 (cs.
1468 3085 1507 3122 1.
1546 3089 1594 3138 p.
1640 3075 1688 3129 8,

528 3153 563 3203 l.
609 3172 657 3215 4,
697 3154 866 3214 note);
912 3152 999 3202 the
1036 3154 1186 3203 Latin
1222 3152 1444 3203 versions
1480 3169 1567 3204 use
1603 3152 1690 3203 the

528 3234 704 3285 active.
776 3235 993 3285 Solliciti
1016 3237 1131 3296 sint,
1158 3252 1216 3286 so
1252 3236 1533 3296 Ambrstr.;
1575 3237 1688 3286 Cla·

528 3331 674 3376 rom„
714 3317 881 3376 Hier..
926 3319 1147 3367 “curam
1179 3316 1467 3375 habeant;”
1509 3318 1680 3382 Vulg.,

532 3393 807 3446 “curent.”
872 3397 958 3446 Hi
975 3396 1068 3462 qui
1083 3397 1509 3447 crediderunt=ol
1542 3413 1684 3446 πεπι·

528 3479 783 3529 στευκότες
814 3479 900 3540 (cf.
928 3480 1090 3544 infra,
1124 3479 1159 3528 1.
1194 3478 1265 3541 6).
1333 3479 1407 3531 So
1445 3481 1679 3541 Claram..

527 3557 810 3621 Ambrstr.;
848 3559 1017 3618 Hier„
1043 3559 1216 3624 vulg„
1252 3559 1565 3610 “credunt.''

593 3655 641 3706 5.
702 3643 1102 3709 procedentibus
1123 3643 1256 3692 illud
1270 3642 1544 3707 adnatens]
1613 3643 1685 3693 So

520 3724 757 3790 Jerome=
797 3725 944 3775 “hoc
971 3725 1107 3790 quod
1136 3724 1207 3774 ait
1224 3723 1398 3790 fidelis
1427 3739 1587 3774 sermo
1616 3723 1685 3773 ad

522 3805 779 3872 superiora
799 3805 1105 3870 iungendum
1132 3805 1257 3855 est.”
1322 3804 1445 3855 And
1478 3805 1677 3870 Chrys„

523 3883 639 3935 who
669 3885 783 3936 thus
816 3893 1053 3936 accounts
1086 3885 1165 3934 sor
1196 3886 1281 3936 the
1314 3885 1680 3936 asseveration:

521 3961 691 4025 ἐπειδὴ
724 3962 820 4028 γὰρ
858 3967 969 4028 περὶ
1009 3967 1289 4026 μελλόντων
1330 3966 1558 4027 διελέχθη
1602 3966 1684 4014 καὶ

520 4047 657 4096 οὔπω
687 4046 958 4110 παρόντων,
999 4045 1252 4109 ἐπήγαγεν
1284 4045 1343 4095 τὸ
1378 4044 1675 4106 ἀξιόπιστον.

520 4129 678 4179 Thdt.
705 4129 798 4178 has
831 4145 863 4178 a
900 4129 1097 4180 remark
1134 4136 1187 4178 to
1222 4129 1306 4179 the
1342 4144 1480 4178 same
1512 4128 1673 4179 effect.

520 4210 584 4260 In
616 4210 796 4275 Chrys.
826 4211 913 4260 the
946 4210 1205 4276 following
1236 4211 1401 4260 words
1436 4212 1538 4271 (καὶ
1570 4213 1680 4273 περὶ

518 4291 717 4353 τούτων,
746 4293 916 4352 xer-A.)
938 4307 1023 4341 nte
1044 4292 1283 4342 divorced
1304 4293 1431 4342 from
1456 4289 1628 4342 πιστὸς
1651 4293 1678 4342 ὁ

518 4371 683 4434 λόγος,
706 4373 807 4422 and
830 4373 975 4422 stand
999 4381 1049 4423 at
1073 4373 1159 4423 the
1180 4373 1455 4438 beginning
1474 4373 1533 4423 os
1558 4389 1676 4424 ano-

518 4452 629 4503 ther
657 4452 865 4516 homily.
938 4453 987 4500 A
1022 4453 1211 4503 similar
1242 4461 1591 4518 arrangement
1624 4453 1685 4502 os

1792 3074 1879 3124 the
1901 3081 2004 3123 text
2028 3073 2070 3122 is
2087 3072 2242 3122 found
2261 3072 2311 3122 in
2335 3071 2378 3120 R
2401 3075 2520 3138 (Bp.
2541 3074 2766 3133 Euicott,
2784 3078 2858 3126 ad
2871 3079 2948 3139 l.).

1855 3154 2459 3224 naessaAum...subditos
2507 3155 2620 3217 esse]
2687 3159 2840 3208 cited
2883 3163 2954 3226 by

1790 3233 2058 3292 Lanfrane,
2087 3233 2323 3296 omitting
2343 3248 2394 3281 eo
2414 3234 2729 3298 quod...ideo.

1858 3326 1902 3377 7.
1980 3321 2116 3378 quat.
2141 3313 2452 3378 diligentiam
2475 3331 2514 3364 c.
2537 3314 2682 3376 atila]
2737 3315 2820 3364 Cf.
2843 3317 2942 3367 Th.

1787 3413 1854 3448 on
1887 3397 2038 3447 Rom.
2075 3396 2161 3446 xii.
2201 3395 2262 3446 8ε
2311 3395 2368 3445 τὸ
2413 3396 2471 3445 ’ὁ
2513 3393 2851 3458 προϊστάμενος
2893 3399 2948 3446 ἐν

1785 3474 2009 3538 στουδῇ’
2063 3474 2174 3526 ἀντὶ
2227 3474 2316 3526 τοῦ
2368 3477 2395 3526 ὁ
2461 3473 2941 3536 ἐτιμελοὺμονος.

1786 3559 1978 3625 Thpht.
2021 3557 2107 3623 (on
2142 3576 2191 3610 v.
2247 3557 2355 3624 14):
2405 3561 2566 3608 καλῶν
2612 3561 2768 3622 ἔργων
2811 3560 2946 3624 προΐ-

1784 3640 2014 3699 στασθαι,
2035 3640 2304 3700 τουτέστιν,
2326 3637 2560 3700 κήδεσθαι
2574 3637 2674 3688 τῶν
2689 3641 2940 3700 δεομένων.

1855 3738 1930 3787 13·
2000 3739 2194 3774 omnem
2246 3739 2445 3774 sensum
2499 3723 2760 3787 conclus-it]
2838 3725 2940 3777 Le.

1783 3820 1948 3854 verses
1977 3807 2100 3855 1—8
2134 3805 2262 3854 form
2295 3821 2328 3854 a
2359 3807 2610 3870 complete
2643 3808 2941 3872 paragraph,

1783 3902 1814 3935 a
1851 3885 1982 3935 froeh
2019 3885 2211 3950 subject
2249 3887 2402 3952 being
2437 3886 2626 3936 started
2659 3886 2784 3937 with
2811 3903 2862 3936 v.
2891 3902 2940 3952 9.

1787 3964 1834 4014 It
1857 3965 1900 4015 is
1923 3967 2120 4028 worthy
2139 3966 2198 4016 of
2225 3967 2392 4016 notice
2413 3967 2523 4016 that
2543 3982 2576 4017 a
2606 3982 2723 4017 new
2755 3967 2943 4018 Eutha-

1783 4047 1887 4098 lian
1929 4045 2192 4110 κεφάλαιον
2233 4049 2410 4113 begins
2452 4049 2606 4110 here;
2661 4049 2728 4099 cs.
2765 4057 2940 4113 supra,

1783 4146 1834 4195 p.
1857 4127 1968 4193 0246,
1997 4130 2032 4180 1.
2063 4146 2105 4189 1,
2133 4136 2268 4180 note.

1850 4214 1928 4265 18.
1986 4212 2045 4260 in
2056 4211 2376 4276 principium
2397 4212 2644 4276 epistolae]
2710 4211 2774 4262 C.
2797 4211 2831 4262 i.
2865 4227 2944 4276 14.

1781 4293 1853 4344 So
1897 4309 1919 4344 r
1967 4293 2102 4343 Tim.
2145 4293 2324 4358 begins
2362 4291 2417 4358 (i.
2458 4293 2522 4358 4)'
2547 4293 2650 4343 and
2689 4293 2814 4344 ends
2851 4293 2944 4354 (vi.

1778 4389 1808 4438 3
1849 4375 1946 4439 sq.)
1986 4373 2109 4424 with
2145 4375 2396 4440 warnings
2429 4375 2624 4439 against
2659 4374 2764 4425 idle
2799 4390 2941 4440 ques-

1777 4455 2015 4521 tionings.
2079 4456 2262 4506 Thdt.:
2285 4454 2444 4507 ταῦτα
2468 4459 2524 4507 δὲ
2546 4453 2692 4506 πάλιν
2713 4458 2821 4518 περὶ
2844 4456 2940 4506 τῶ
