3250 5025
304 275 396 343 11.
434 280 655 363 3—-5,]
1042 293 1126 344 IN
1176 295 1282 346 ΕΡ.
1327 294 1431 344 AD
1475 293 1937 346 TIMOTHEUM
1984 295 2031 346 1.
2644 285 2727 362 87

299 459 684 528 sobrietati!
773 471 842 528 et
893 465 1183 529 suadens
1237 465 1332 530 illi
1379 465 1506 530 ista
1553 465 1649 528 sic
1695 464 1912 529 facere
1956 464 2126 529 sicut
2177 465 2339 547 ipse,
2383 463 2724 547 praecepit

301 583 727 629 communem
787 586 910 648 pro
984 569 1295 631 omnibus
1367 567 1752 631 hominibus
1826 564 2345 631 sollicitudinem
2420 567 2533 650 qui
2602 587 2723 649 per

299 675 516 730 toturn
546 668 777 731 orbem
807 688 952 732 esse
983 670 1294 733 uidentur
1323 670 1725 751 expendere,
1750 678 1819 748 et
1847 669 2231 734 communia
2260 669 2443 734 bona
2472 667 2719 734 debere

299 769 668 833 existimari
700 790 780 835 ea
810 791 982 853 quae
1012 771 1467 835 uniuersorum
1498 781 1690 835 sunt:

427 920 540 984 lcoc
563 932 780 986 autem
808 934 905 986 est
931 922 1166 988 bonum
1192 934 1258 988 et
1281 936 1598 1008 acceptum
1625 945 1841 988 coram
1872 925 2199 989 saluatore
2227 935 2441 989 nostro
2470 923 2627 989 Deo,
2694 939 2709 951 ·
2788 937 2821 1004 5

428 1049 826 1114 sufficienter
855 1053 1068 1116 suasit
1098 1072 1211 1115 eos
1253 1054 1348 1116 sic
1385 1073 1635 1135 sapere,
1682 1052 2014 1135 siquidem
2058 1061 2127 1116 et
2158 1050 2306 1116 Deo
2348 1053 2441 1115 sic
2472 1051 2711 1135 placet.

296 1153 475 1216 unde
507 1159 574 1215 et
603 1153 1064 1234 probationem
1097 1153 1346 1218 faciens
1377 1155 1558 1237 quod
1592 1154 1744 1217 Deo
1774 1156 1903 1219 ista
1931 1153 2217 1236 placent,
2252 1154 2497 1218 adicit:

423 1299 544 1382 qui
567 1321 782 1366 omnes
816 1301 1103 1367 homines
1132 1305 1280 1368 uult
1309 1305 1527 1368 saluos
1547 1305 1717 1388 fieri
1745 1315 1808 1369 et
1839 1305 1935 1368 ad
1956 1303 2376 1388 cognitionem
2407 1304 2713 1371 ueritatis

295 1421 530 1468 uentre.

423 1559 582 1603 nam
643 1541 801 1623 quia
864 1541 1050 1604 Deus
1111 1542 1197 1605 de
1257 1541 1570 1605 omnibus
1633 1539 2013 1604 hominibus
2076 1541 2205 1603 ista
2266 1538 2446 1616 uelit,
2513 1557 2712 1604 nemo
2749 1554 2827 1602 10

293 1643 542 1725 poterit
595 1645 1084 1723 contradicere3
1144 1645 1420 1708 euidens
1472 1652 1700 1708 autem
1756 1651 1857 1707 est
1911 1643 2233 1725 quoniam
2279 1663 2513 1706 omnes
2561 1643 2712 1707 uult

291 1747 554 1822 samari,
589 1747 748 1829 quia
779 1755 847 1810 et
878 1766 1112 1810 omnes
1143 1756 1382 1811 tuetur.
1466 1745 1911 1810 necessarium
1954 1755 2056 1810 est
2087 1765 2245 1828 ergo
2288 1754 2364 1809 ut
2404 1767 2528 1808 nos
2570 1746 2711 1810 eius

291 1851 644 1915 tuitionem
692 1871 852 1934 erga
903 1871 1137 1915 omnes
1198 1854 1554 1931 imitemur,
1604 1851 1659 1914 si
1708 1859 1939 1914 tamen
1983 1849 2071 1912 ad
2118 1850 2395 1932 plenum
2442 1850 2711 1914 adcele-

291 1973 516 2017 ramus
576 1953 818 2018 similia
877 1974 1111 2036 sapere
1173 1954 1339 2019 Deo.
1430 1962 1499 2017 et
1557 1955 1743 2018 omni
1806 1974 1895 2016 ex
1954 1961 2148 2036 parte
2208 1953 2276 2016 id
2331 1955 2708 2033 ostendens,

293 2056 538 2121 adicit:

421 2232 595 2276 unus
621 2221 837 2275 autem
866 2210 1050 2275 Deus
1076 2221 1185 2275 est.

521 2440 534 2448 ι
557 2385 578 2440 ¹.
616 2369 884 2418 sobrietate
912 2368 1035 2418 CH
1053 2366 1062 2432 Ι
1090 2367 1190 2418 illis
1211 2369 1278 2418 H

360 2532 410 2581 5.
473 2517 562 2568 hoc
581 2516 768 2579 autem]
824 2516 890 2567 0.
917 2518 980 2567 L.
1003 2518 1106 2567 and
1119 2516 1292 2583 Vulg„
1314 2518 1454 2568 “hoc

291 2597 428 2647 enim
444 2595 508 2655 ”3
542 2597 646 2646 and
677 2612 734 2647 so
768 2596 853 2647 the
877 2596 980 2647 Gk.
1049 2597 1158 2647 Our
1187 2597 1456 2647 translator

292 2678 384 2729 has
405 2678 556 2729 made
577 2696 608 2729 a
629 2679 818 2728 similar
846 2679 1039 2743 change
1061 2678 1116 2727 in
1137 2694 1186 2730 v.
1214 2690 1258 2740 5,
1287 2678 1454 2729 where

295 2776 432 2811 unus
451 2768 616 2811 autem
640 2762 814 2811 stands
835 2760 914 2811 for
935 2762 999 2810 ετς
1019 2760 1130 2823 γάρ.

356 2843 406 2892 8.
473 2842 546 2891 ad
577 2842 922 2907 cognitionem]
968 2844 1064 2893 See
1089 2858 1168 2891 vv.
1193 2840 1245 2891 ll.
1296 2841 1452 2905 “Ag-

292 2922 536 2973 nitionem
555 2920 584 2945 ”
651 2924 694 2973 is
759 2924 846 2973 the
905 2924 1174 2987 rendering
1237 2922 1298 2972 of
1367 2924 1452 2973 the

293 3006 446 3055 Latin
479 3005 804 3065 authorities3
846 3020 983 3069 cog-n.
1017 3005 1250 3054 however
1281 3020 1454 3055 occurs

293 3088 348 3137 in
380 3088 498 3152 vig.
523 3088 676 3153 Taps.
711 3088 771 3137 de
801 3088 853 3137 T
850 3088 950 3137 rin.
979 3087 1052 3137 iii.
1076 3087 1274 3153 (Migne
1294 3088 1354 3138 P.
1384 3089 1447 3139 L.

292 3168 375 3227 62,
401 3166 536 3233 258)-

363 3263 384 3298 1
397 3264 440 3297 1.
505 3263 670 3297 omnes·
690 3248 806 3297 uult
831 3244 1048 3308 saluam]
1084 3247 1187 3298 For
1215 3263 1246 3297 a
1277 3255 1454 3298 catena

292 3330 352 3380 os
382 3330 466 3380 the
499 3329 722 3395 patristic
756 3329 1135 3393 interpretation
1168 3329 1228 3379 of
1260 3345 1280 3379 1
1318 3326 1450 3379 Tim.

291 3411 346 3461 ii.
369 3432 402 3475 4
423 3427 506 3461 see
531 3412 702 3461 Petav.
725 3412 784 3459 de
801 3412 1010 3460 Incam.
1039 3422 1167 3460 xm.
1191 3411 1270 3472 gi.
1305 3412 1402 3461 Th.
1414 3410 1454 3461 ’s

291 3503 558 3546 statement
580 3511 741 3546 seems
765 3502 818 3544 to
839 3495 1020 3545 accord
1035 3495 1157 3544 with
1173 3495 1258 3544 the
1275 3494 1452 3559 judge-

290 3582 428 3623 ment
472 3575 533 3623 of
567 3574 654 3624 the
699 3575 842 3625 other
887 3574 1055 3625 Greek
1095 3574 1296 3631 fatherS,
1335 3573 1452 3623 who

290 3670 422 3705 were
454 3655 690 3719 disposed
725 3661 778 3703 to
811 3662 987 3718 accept
1015 3654 1069 3704 S.
1099 3652 1266 3702 Paul's
1287 3653 1454 3703 words

291 3736 344 3785 in
381 3736 509 3785 their
536 3737 714 3801 prima
731 3736 872 3800 sac-12·
899 3751 1056 3785 sense.
1129 3736 1333 3799 Among
1366 3736 1450 3785 the

290 3814 466 3865 Latius
497 3822 639 3865 some
670 3815 832 3865 desire
865 3830 968 3865 was
999 3813 1172 3865 shewn
1207 3814 1333 3863 from
1365 3815 1452 3865 the

287 3896 396 3947 first
440 3905 494 3947 to
535 3898 695 3961 guard
739 3898 868 3947 their
910 3896 1234 3963 application.
1309 3895 1450 3945 Thus

286 3980 426 4030 Tert.
478 3980 558 4041 (de
598 3986 728 4029 orat.
773 3978 824 4045 4)
870 3996 1016 4045 says:
1078 3983 1320 4031 “summa
1375 3989 1450 4032 est

286 4061 560 4111 uoluntatis
581 4061 686 4111 eius
710 4062 842 4112 salus
865 4077 1064 4111 eorum
1086 4077 1236 4126 quos
1270 4062 1449 4129 adop-

287 4141 482 4194 tauit'’
506 4140 604 4207 (i.e.
634 4143 694 4192 os
709 4144 794 4194 the
815 4144 1088 4208 baptized).
1137 4144 1374 4193 Paulinus
1398 4143 1458 4193 of

289 4222 425 4272 Nola
473 4222 562 4286 (φ.
615 4224 695 4279 2):
742 4222 1010 4271 “omnium
1054 4230 1340 4286 quantum
1387 4222 1446 4271 in

287 4304 422 4367 ipso
465 4310 556 4353 est
599 4303 856 4353 hominem
899 4303 1094 4353 saluum
1139 4304 1246 4353 fieri
1288 4302 1448 4353 uult.”

287 4383 544 4433 Ambrstr.
590 4384 664 4432 ad
699 4382 752 4433 Ιι.
797 4385 872 4434 L:
927 4382 1014 4433 “si
1067 4384 1206 4433 Deus
1253 4382 1440 4447 utique,

1463 2369 1494 2418 8
1527 2365 1833 2431 agnitionem
1856 2367 1925 2416 H

2156 2381 2214 2430 ¹4
2246 2367 2299 2416 id
2322 2383 2399 2418 om
2422 2384 2456 2417 r

1551 2516 1639 2581 qui
1678 2516 1997 2581 omnipotens
2030 2514 2225 2576 dicitur,
2270 2530 2444 2565 omnes
2482 2514 2710 2567 homines

1549 2598 1657 2647 uult
1692 2597 1889 2657 saluari,
1917 2612 2017 2646 non
2050 2596 2286 2661 impletur
2318 2597 2423 2647 eius
2456 2598 2703 2649 uoluntas-

1550 2678 1716 2726 sedin
1737 2676 1873 2725 omni
1898 2676 2149 2726 locutione
2171 2691 2383 2726 sensus
2415 2684 2475 2726 et
2507 2677 2707 2726 condi-

1549 2756 1637 2805 tio
1670 2756 1997 2807 latet...uu1t
2030 2757 2163 2807 enim
2199 2757 2339 2807 Deus
2371 2772 2417 2807 0.
2453 2756 2505 2807 h.
2544 2758 2711 2811 saluos

1549 2838 1675 2899 fieri,
1714 2839 1817 2889 sed
1850 2838 1900 2888 si
1933 2839 2230 2888 accedant
2264 2840 2336 2889 ad
2370 2840 2613 2890 eum...si
2650 2848 2711 2893 et

1549 2918 1671 2984 ipsi
1700 2919 1948 2970 uelint.”
2019 2920 2069 2971 S.
2094 2920 2375 2985 Augustine
2397 2922 2586 2972 carried
2611 2922 2710 2973 this

1548 2999 1819 3049 limitation
1840 3006 1895 3049 to
1915 3000 2003 3050 the
2023 3006 2193 3050 extent
2222 3000 2281 3049 of
2305 3002 2595 3067 explaining
2624 3002 2710 3053 the

1547 3080 1717 3128 words
1754 3086 1809 3128 to
1848 3094 1995 3129 mean
2033 3080 2155 3144 only
2184 3080 2293 3130 that
2334 3096 2469 3132 none
2506 3098 2601 3132 can
2643 3084 2711 3133 be

1548 3159 1703 3209 saved
1724 3166 1901 3224 except
1924 3158 1993 3223 by
2016 3160 2174 3211 God’s
2196 3160 2299 3210 will
2322 3164 2411 3226 (ep.
2442 3176 2532 3228 107
2555 3166 2707 3215 “om-

1547 3256 1641 3292 nes
1662 3242 1749 3305 qui
1780 3240 1907 3289 salui
1942 3242 2069 3291 fiunt
2101 3242 2197 3291 nisi
2230 3243 2339 3307 ipso
2372 3246 2573 3295 uolente
2605 3262 2706 3297 non

1549 3325 1677 3374 fiunt
1693 3322 1763 3385 ’').
1814 3324 1925 3373 The
1948 3323 2205 3388 Apostle's
2226 3326 2411 3376 πάντας
2432 3324 2709 3389 ἀνθρώπους

1547 3420 1652 3455 was
1675 3405 1791 3455 thus
1813 3404 2104 3468 practically
2125 3406 2391 3455 eonverted
2414 3406 2521 3457 into
2545 3413 2709 3459 ‘some

1547 3502 1683 3547 men,
1707 3485 1767 3535 os
1782 3486 1851 3534 all
1874 3492 2003 3535 sorts
2020 3485 2059 3544 ’;
2095 3486 2195 3535 and
2220 3486 2359 3536 these
2381 3487 2469 3537 the
2490 3490 2710 3540 homines

1545 3569 1696 3617 bonae
1715 3567 2005 3625 uoluntatis,
2030 3582 2088 3615 or
2108 3566 2236 3615 from
2260 3569 2469 3618 another
2490 3570 2632 3634 point
2654 3572 2715 3621 of

1547 3650 1689 3709 viem
1740 3648 1827 3698 the
1871 3649 2259 3713 predestinated.
2343 3648 2422 3699 Cf.
2470 3651 2605 3716 Aug.
2650 3653 2709 3702 de

1545 3747 1673 3781 corr.
1705 3737 1755 3779 et
1778 3730 1952 3794 gratia
1986 3749 2082 3793 44:
2124 3731 2339 3780 “multis
2368 3732 2530 3782 modis
2558 3734 2705 3784 intel-

1546 3811 1647 3875 legi
1689 3810 2011 3875 potest...sed
2055 3808 2135 3859 hic
2179 3826 2333 3861 unum
2376 3812 2579 3875 dicam3
2634 3818 2705 3864 ita

1546 3894 1736 3943 dictum
1787 3900 1860 3941 est
1868 3930 1986 3943 ......
1992 3900 2048 3944 ut
2094 3892 2446 3958 intellegantur
2498 3912 2704 3947 omnes

1545 3973 2017 4039 praedestinati,
2085 3974 2230 4039 quia
2282 3989 2452 4025 omne
2517 3992 2703 4040 genus

1545 4056 1847 4105 hominum
1894 4056 1953 4104 in
1985 4055 2073 4105 eis
2108 4055 2252 4107 est.’'
2318 4058 2530 4121 Against
2562 4059 2703 4110 these

1543 4138 1713 4188 efforts
1736 4146 1789 4188 to
1811 4154 1987 4203 escape
2010 4137 2139 4187 from
2166 4138 2251 4189 the
2280 4138 2443 4189 literal
2466 4142 2703 4209 meaning

1543 4220 1603 4269 of
1651 4220 1736 4269 the
1787 4227 1889 4270 text
1938 4220 2035 4270 Th.
2086 4220 2305 4286 perhaps
2354 4222 2595 4275 intended
2646 4232 2699 4275 to

1541 4310 1749 4368 protest.
