3250 5025
515 318 642 397 276

1191 328 1650 383 THEODORUS
1697 330 2283 383 MOPSUESTENUS

2715 318 2801 403 (ζ),
2839 334 2931 383 10.

512 500 844 565 conuenit.
932 520 1059 584 ego
1112 521 1272 565 uero
1320 500 1449 565 hoc
1498 522 1633 565 non
1677 500 1864 579 facio,
1899 503 2016 576 sed
2065 502 2305 567 obsecro
2351 502 2638 586 magis).
2691 502 2933 567 deinde

512 612 583 667 et
612 604 698 669 ad
731 606 1199 669 uerecundiam
1232 626 1385 669 eum
1420 606 1748 670 inuitans:

644 760 799 823 talis
826 782 971 823 cum
1000 760 1127 824 sim
1158 761 1377 843 qualis
1405 763 1574 826 sicut
1600 762 1866 827 Paulus
1893 762 2118 825 senior.

644 896 904 952 tantam
937 890 1075 953 uim
1106 888 1403 955 habebat
1444 890 1586 955 sola
1633 890 1818 954 Pauli
1865 890 2291 971 nuncupatio,
2384 888 2544 972 quid
2589 886 2765 952 enim
2800 907 2933 950 non

451 992 847 1072 sexpressit
906 1012 1225 1076 magnum
1288 1001 1356 1057 et
1416 993 1855 1057 demiratione
1908 994 2188 1075 dignum
2251 993 2319 1055 in
2380 1012 2548 1054 uoce
2607 989 2734 1054 hac
2795 1010 2930 1073 qua

516 1093 692 1158 dixit
754 1094 1157 1159 ‘Paulum’?
1247 1116 1402 1159 nam
1465 1116 1667 1158 omne
1726 1095 2198 1178 quodcumque
2267 1114 2606 1157 summum
2683 1094 2932 1156 bonum

515 1196 814 1280 intellegi
844 1207 1126 1280 poterat,
1161 1198 1288 1263 hoc
1318 1210 1461 1264 erat
1494 1201 1558 1262 in
1603 1199 1827 1263 Paulo,
1919 1208 1989 1263 et
2030 1198 2211 1281 quod
2254 1198 2500 1264 adiecit
2533 1195 2934 1273 ‘seniorem,'

514 1320 649 1363 non
697 1301 1002 1365 absolute
1054 1323 1205 1365 eum
1256 1304 1342 1367 ad
1398 1303 1838 1365 reuerentiam
1901 1302 2232 1378 inuitauit,
2286 1302 2528 1366 aetatis
2588 1321 2748 1363 suae
2797 1320 2934 1362 me-

514 1423 782 1467 morans
860 1403 1402 1488 longaeuitatem,
1462 1405 1579 1469 sed
1643 1424 1808 1468 uoce
1885 1404 2144 1469 ‘Pauli'
2220 1405 2423 1467 etiam
2499 1404 2660 1467 illud
2738 1402 2932 1485 ipsud

410 1520 489 1568 10
516 1506 762 1570 faciens
815 1506 1195 1570 uenerabile
1222 1528 1239 1585 ;
1308 1508 1422 1590 qui
1484 1508 1664 1570 enim
1743 1506 2118 1570 ‘seniorem'
2173 1508 2380 1583 audit,
2429 1506 2708 1570 Paulum
2769 1507 2934 1569 scire

514 1617 779 1691 poterat
815 1631 905 1673 -eo
958 1611 1139 1693 quod
1194 1611 1399 1694 longo
1450 1620 1753 1693 tempore
1822 1612 2090 1693 pietatis
2153 1612 2377 1675 studio
2437 1609 2802 1686 inoleuerit,
2866 1618 2934 1674 et

516 1712 727 1776 multa
776 1713 971 1777 fuerit
1011 1712 1137 1777 hac
1190 1714 1275 1777 de
1322 1734 1523 1778 causa
1576 1734 1830 1796 passus,
1922 1713 2264 1777 inchoauit
2317 1714 2497 1777 enim
2551 1714 2934 1795 praedicare

512 1818 934 1899 euangelium
966 1839 1119 1881 cum
1151 1817 1370 1881 adhuc
1403 1828 1578 1882 esset
1608 1817 1994 1882 adolescens
2020 1840 2034 1897 ;
2083 1819 2366 1883 occurrit
2407 1838 2567 1881 uero
2609 1818 2675 1881 in
2707 1836 2934 1880 senec-

512 1923 677 1986 tutis
725 1931 1016 1987 aetatem
1071 1944 1337 2007 semper
1385 1922 1654 1988 Christo
1703 1925 1770 1987 in
1819 1924 2240 2006 passionibus
2289 1922 2662 2006 persistens.
2754 1919 2934 1983 unde

408 2033 479 2101 15
515 2045 597 2088 ne
628 2047 748 2108 per
775 2037 1066 2092 aetatem
1100 2049 1254 2092 eum
1286 2028 1591 2092 absolute
1621 2029 1959 2092 uideretur
1987 2027 2286 2105 suadere,
2319 2026 2575 2109 optime
2606 2025 2849 2090 adiecit
2875 2042 2890 2087 ε

644 2196 815 2239 nunc
840 2186 1055 2241 autem
1085 2188 1149 2242 et
1174 2177 1432 2242 uinctus
1473 2178 1623 2241 Iesu
1659 2177 1925 2243 Christi.

644 2305 859 2367 solum
920 2302 1048 2367 hoc
1109 2324 1242 2368 non
1303 2305 1575 2368 dicens:

1643 2306 1992 2368 ‘erubesce
2042 2312 2455 2368 senectutem
2504 2314 2574 2368 et
2621 2303 2933 2366 canitiem

514 2406 582 2469 in
631 2407 911 2469 uinculis
956 2408 1424 2483 connutritam‚
1481 2415 1549 2470 et
1596 2415 1891 2470 aetatem
1941 2406 2034 2469 sic
2080 2406 2352 2489 longam
2405 2407 2471 2469 in
2517 2405 2935 2488 passionibus

514 2509 643 2573 illis
673 2531 846 2592 quae
876 2530 996 2592 pro
1041 2508 1305 2575 Christo
1345 2518 1501 2573 sunt
1541 2508 1934 2573 educatam.’

2024 2518 2092 2572 et
2134 2509 2290 2591 quia
2334 2507 2561 2571 multis
2593 2529 2681 2571 ex
2714 2508 2932 2572 causis

403 2630 489 2678 20
514 2614 800 2677 eundem
833 2613 919 2677 ad
952 2612 1389 2677 reuerentiam
1422 2613 1749 2691 inuitauit,
1783 2613 1871 2676 ad
1901 2614 2319 2696 propositum
2351 2613 2652 2675 recurrit:

644 2764 886 2829 obsecro
915 2774 973 2828 te
986 2776 1111 2848 pro
1140 2785 1274 2828 meo
1286 2765 1455 2849 filio.

618 2967 647 3016 3
680 2951 748 3002 sis
772 2948 890 3016 (for
909 2949 1024 3016 sim)
1050 2967 1084 3000 r

517 3033 701 3084 Paulus
724 3049 756 3080 r

514 3131 609 3165 nec
636 3113 753 3178 (jbr
772 3112 855 3178 ne)
883 3112 963 3164 C*
987 3130 1020 3164 r

518 3201 554 3250 l.
581 3198 629 3264 5)
652 3214 731 3248 om
756 3213 789 3246 r

586 3378 632 3427 3.
700 3361 817 3411 talis
849 3377 964 3411 cum
1000 3362 1095 3412 se'm
1126 3361 1304 3426 qualis,
1340 3357 1675 3424 &c.]=roto?t·

520 3462 599 3495 τος
623 3443 685 3494 ὢν
709 3444 786 3494 ὡς.
850 3444 999 3494 Latin
1018 3443 1258 3503 versions,
1288 3448 1319 3470 ‘⁸
1335 3459 1449 3492 cum
1472 3443 1540 3492 sis
1563 3443 1678 3492 talis

520 3525 625 3577 ut.”
694 3527 796 3576 For
830 3526 997 3576 senior
1033 3521 1347 3588 (πρεσβύτης)
1392 3524 1509 3588 they
1549 3523 1679 3574 have

526 3605 785 3659 “senex.”

588 3709 635 3752 4.
724 3689 828 3739 sola
879 3686 1038 3736 Pauli
1088 3686 1414 3750 nuncupatio]
1490 3686 1680 3737 Thdt.:

521 3773 681 3835 βλέπε
700 3769 772 3819 τίς
794 3767 820 3819 ὁ
844 3765 1007 3817 αἱτῶν·
1041 3766 1181 3829 ἀρκεῖ
1199 3769 1253 3816 δὲ
1275 3768 1307 3827 ἡ
1328 3767 1415 3817 τοῦ
1446 3766 1681 3828 ὀνόματος

522 3851 685 3914 μνήμη
712 3851 994 3900 καταιδέσαι
1026 3853 1105 3900 καὶ
1136 3853 1221 3900 τὸν
1254 3852 1366 3900 λίαν
1396 3849 1670 3901 ἀντίτυπον.

524 3935 675 3985 Oec.:
718 3929 852 3997 ἤρκει
886 3933 939 3982 δὲ
972 3927 1091 3982 αὐτὸ
1124 3929 1267 3981 τοῦτο
1298 3931 1442 3991 μόνον
1474 3935 1593 3996 πρὸς
1624 3934 1681 3983 τὸ

525 4017 706 4065 πεῖσαι.
779 4014 864 4064 On
886 4012 1029 4063 Th.’s
1061 4012 1361 4063 admiration
1388 4013 1446 4062 os
1475 4013 1530 4064 S.
1556 4012 1682 4063 Paul

523 4113 605 4147 see
629 4107 666 4145 1.
692 4111 739 4160 p.
764 4093 901 4145 lxvii.

588 4175 635 4227 6.
714 4191 833 4224 nam
882 4175 1357 4236 omne...inuitauit]
1433 4175 1581 4226 cited
1614 4177 1684 4240 by

527 4255 793 4314 murram,
818 4255 986 4318 sreely.

598 4350 671 4386 10.
731 4335 825 4399 qui
840 4336 973 4385 enim
996 4335 1255 4385 ‘seniorem
1268 4335 1281 4356 ⁹
1298 4334 1455 4391 audit,
1471 4336 1550 4393 P..
1568 4334 1683 4396 &c.]

532 4421 547 4444 ⁸
564 4418 625 4467 In
656 4416 776 4466 such
805 4431 833 4465 a
856 4431 971 4464 man
996 4415 1077 4465 old
1104 4431 1195 4480 age
1220 4417 1261 4465 is
1284 4416 1563 4476 venerable,
1593 4425 1680 4464 not

1319 2966 1351 3017 9
1384 2951 1499 3002 uoci
1528 2950 1597 3002 δ’
1626 2949 1640 3016 1
1669 2950 1835 3015 ipsum
1863 2950 1906 3000 C
1927 2950 2076 3012 (corr)
2101 2962 2134 2997 r

954 3047 1012 3096 ¹3
1044 3032 1239 3082 adesset
1265 3033 1382 3098 (for
1400 3033 1517 3083 adh.
1546 3033 1699 3094 esset)
1727 3031 1806 3082 C*

1274 3127 1331 3178 17
1365 3131 1469 3166 non
1490 3131 1569 3166 om
1598 3114 1644 3165 C
1664 3115 1812 3176 (corr)

2371 2963 2432 3000 xo
2463 2950 2801 3002 uenerabilem
2832 2951 2875 3001 C
2897 2951 2907 3016 Ι

2011 3047 2071 3093 ι4
2103 3031 2158 3080 in
2183 3029 2292 3096 (bes
2303 3030 2524 3092 Christo)
2545 3032 2654 3080 add
2669 3048 2700 3081 r
2878 3047 2936 3097 15

2065 3129 2124 3180 19
2145 3129 2218 3178 sq.
2241 3121 2292 3164 et
2315 3113 2686 3178 quia...faciens
2711 3113 2789 3179 (p.
2821 3117 2932 3175 281,

1777 3359 1965 3423 simply
1993 3356 2072 3408 for
2103 3357 2170 3408 its
2207 3373 2323 3408 own
2356 3357 2492 3417 sake,
2531 3360 2622 3409 but
2655 3359 2757 3410 still
2800 3377 2938 3412 more

1777 3454 1846 3487 on
1867 3447 2079 3488 account
2096 3437 2155 3488 of
2170 3439 2256 3488 the
2273 3437 2396 3502 long
2411 3453 2586 3488 course
2604 3437 2663 3488 of
2685 3439 2940 3489 Christian

1777 3521 1965 3570 service
1999 3521 2100 3570 and
2137 3521 2376 3585 suffering
2413 3520 2578 3570 which
2618 3521 2658 3571 it
2703 3521 2940 3586 implie5.'

1780 3603 1892 3650 The
1927 3601 2071 3651 other
2109 3609 2498 3651 commentators
2537 3601 2684 3651 think
2725 3604 2846 3667 only
2888 3604 2946 3654 of

1781 3683 1868 3732 the
1889 3697 1983 3746 age
2003 3682 2062 3732 os
2085 3682 2171 3732 the
2196 3682 2410 3747 Apostle
2431 3697 2487 3731 as
2509 3682 2560 3730 in
2588 3681 2728 3734 itself
2751 3683 2942 3749 adding

1781 3764 2006 3828 strength
2027 3772 2082 3813 to
2103 3763 2182 3812 his
2203 3763 2421 3827 appea13
2455 3778 2500 3811 e.
2511 3777 2564 3827 g.
2595 3762 2781 3814 Thdcz
2813 3766 2940 3814 αἰδέ-

1781 3847 1935 3903 σθητε
1979 3842 2196 3905 Παῦλον,
2231 3844 2489 3904 αἱδέσθητέ
2531 3861 2623 3902 μου
2665 3845 2724 3894 τὸ
2765 3843 2939 3907 γῆρας,

1783 3926 2038 3985 αἰδέσθητε
2083 3925 2148 3974 τὰ
2191 3923 2344 3984 δεσμὰ
2383 3921 2507 3988 ἄτερ
2552 3925 2614 3975 ὡς
2657 3923 2804 3989 κῆρυξ
2855 3923 2943 3987 τῆς

1781 4004 2004 4067 ἀληθείας
2028 4007 2314 4070 περίκειμαι.

1855 4103 1874 4137 1
1883 4088 1929 4140 8.
1983 4088 2268 4138 connutrita
2273 4087 2345 4149 m]
2355 4109 2400 4130 =
2410 4089 2812 4151 συντρεφομένην.

1851 4187 1930 4220 21.
1979 4179 2078 4236 pro
2108 4187 2210 4222 meo
2223 4171 2418 4236 filio]=
2433 4171 2541 4233 περὶ
2572 4169 2660 4220 τοῦ
2689 4171 2811 4230 ἐμοῦ·
2838 4173 2942 4221 τέκ-

1785 4269 1882 4300 νου.
1959 4251 2030 4302 So
2067 4251 2132 4302 Ο.
2149 4251 2211 4300 L.
2247 4251 2352 4300 and
2389 4248 2674 4316 Vu1g51m3
2709 4251 2944 4310 Hieron..

1784 4335 1924 4393 Am„
1963 4334 2134 4395 Falci..
2179 4351 2319 4386 more
2365 4335 2622 4399 precisely‚
2669 4335 2782 4386 “de
2829 4351 2944 4386 meo

1785 4414 1940 4465 fi1i0.”
