<?xml version="1.0" encoding="UTF-8"?>
<!DOCTYPE html PUBLIC "-//W3C//DTD XHTML 1.0 Transitional//EN"
    "http://www.w3.org/TR/xhtml1/DTD/xhtml1-transitional.dtd">
<html xmlns="http://www.w3.org/1999/xhtml" xml:lang="en" lang="en">
 <head>
  <title>
</title>
<meta http-equiv="Content-Type" content="text/html;charset=utf-8" />
  <meta name='ocr-system' content='tesseract 3.04.00' />
  <meta name='ocr-capabilities' content='ocr_page ocr_carea ocr_par ocr_line ocrx_word'/>
</head>
<body>
  <div class='ocr_page' id='page_1' title='image "./theodoriepiscop01swetgoog_0121.png"; bbox 0 0 3250 5025; ppageno 0'>
   <div class='ocr_carea' id='block_1_1' title="bbox 286 347 538 432">
    <p class='ocr_par' dir='ltr' id='par_1_1' title="bbox 286 347 538 432">
     <span class='ocr_line' id='line_1_1' title="bbox 286 347 538 432; baseline 0 -20"><span class='ocrx_word' id='word_1_1' title='bbox 286 347 538 432; x_wconf 68' lang='lat'>111.3]</span> 
     </span>
    </p>
   </div>
   <div class='ocr_carea' id='block_1_2' title="bbox 1021 359 2013 416">
    <p class='ocr_par' dir='ltr' id='par_1_2' title="bbox 1021 359 2013 416">
     <span class='ocr_line' id='line_1_2' title="bbox 1021 359 2013 416; baseline 0.002 -4"><span class='ocrx_word' id='word_1_2' title='bbox 1021 361 1104 412; x_wconf 86' lang='lat' dir='ltr'>IN</span> <span class='ocrx_word' id='word_1_3' title='bbox 1154 361 1258 414; x_wconf 87' lang='grc' dir='ltr'>ΕΡ.</span> <span class='ocrx_word' id='word_1_4' title='bbox 1301 361 1407 413; x_wconf 80' lang='lat' dir='ltr'>AD</span> <span class='ocrx_word' id='word_1_5' title='bbox 1453 359 1921 416; x_wconf 84' lang='lat' dir='ltr'>TIMOTHEUM</span> <span class='ocrx_word' id='word_1_6' title='bbox 1970 364 2013 414; x_wconf 88' lang='lat'>1.</span> 
     </span>
    </p>
   </div>
   <div class='ocr_carea' id='block_1_3' title="bbox 2494 363 2710 428">
    <p class='ocr_par' dir='ltr' id='par_1_3' title="bbox 2494 363 2710 428">
     <span class='ocr_line' id='line_1_3' title="bbox 2494 363 2710 428; baseline 0 -52"><span class='ocrx_word' id='word_1_7' title='bbox 2494 363 2710 428; x_wconf 45' lang='lat'>„09</span> 
     </span>
    </p>
   </div>
   <div class='ocr_carea' id='block_1_4' title="bbox 283 529 2706 619">
    <p class='ocr_par' dir='ltr' id='par_1_4' title="bbox 283 529 2706 619">
     <span class='ocr_line' id='line_1_4' title="bbox 283 529 2706 619; baseline -0.003 -19"><span class='ocrx_word' id='word_1_8' title='bbox 283 535 343 600; x_wconf 90' lang='lat' dir='ltr'>si</span> <span class='ocrx_word' id='word_1_9' title='bbox 389 543 618 601; x_wconf 89' lang='lat' dir='ltr'>autem</span> <span class='ocrx_word' id='word_1_10' title='bbox 663 533 905 600; x_wconf 87' lang='lat' dir='ltr'>docere</span> <span class='ocrx_word' id='word_1_11' title='bbox 950 533 1080 599; x_wconf 86' lang='lat' dir='ltr'>ista</span> <span class='ocrx_word' id='word_1_12' title='bbox 1121 532 1444 614; x_wconf 90' lang='lat' dir='ltr'>nescierit,</span> <span class='ocrx_word' id='word_1_13' title='bbox 1481 535 1789 619; x_wconf 85' lang='lat' dir='ltr'>ignorare</span> <span class='ocrx_word' id='word_1_14' title='bbox 1830 533 2098 598; x_wconf 87' lang='lat' dir='ltr'>uidetur</span> <span class='ocrx_word' id='word_1_15' title='bbox 2135 531 2297 597; x_wconf 90' lang='lat' dir='ltr'>illud</span> <span class='ocrx_word' id='word_1_16' title='bbox 2344 529 2525 614; x_wconf 92' lang='lat' dir='ltr'>quod</span> <span class='ocrx_word' id='word_1_17' title='bbox 2556 549 2706 613; x_wconf 89' lang='lat' dir='ltr'>pro-</span> 
     </span>
    </p>
   </div>
   <div class='ocr_carea' id='block_1_5' title="bbox 285 637 874 704">
    <p class='ocr_par' dir='ltr' id='par_1_5' title="bbox 285 637 874 704">
     <span class='ocr_line' id='line_1_5' title="bbox 285 637 874 704; baseline -0.002 -1"><span class='ocrx_word' id='word_1_18' title='bbox 285 639 518 704; x_wconf 87' lang='lat' dir='ltr'>fitetur</span> <span class='ocrx_word' id='word_1_19' title='bbox 577 637 874 702; x_wconf 92' lang='lat' dir='ltr'>edocere.</span> 
     </span>
    </p>
   </div>
   <div class='ocr_carea' id='block_1_6' title="bbox 984 634 2706 720">
    <p class='ocr_par' dir='ltr' id='par_1_6' title="bbox 984 634 2706 720">
     <span class='ocr_line' id='line_1_6' title="bbox 984 634 2706 720; baseline -0.001 -20"><span class='ocrx_word' id='word_1_20' title='bbox 984 637 1104 701; x_wconf 92' lang='lat' dir='ltr'>sed</span> <span class='ocrx_word' id='word_1_21' title='bbox 1165 658 1300 702; x_wconf 89' lang='lat' dir='ltr'>non</span> <span class='ocrx_word' id='word_1_22' title='bbox 1375 636 1563 703; x_wconf 91' lang='lat' dir='ltr'>illum</span> <span class='ocrx_word' id='word_1_23' title='bbox 1632 637 1796 702; x_wconf 89' lang='lat' dir='ltr'>dicit</span> <span class='ocrx_word' id='word_1_24' title='bbox 1869 637 2198 702; x_wconf 79' lang='lat' dir='ltr'><em>docibilem</em></span> <span class='ocrx_word' id='word_1_25' title='bbox 2259 636 2371 720; x_wconf 93' lang='lat' dir='ltr'>qui</span> <span class='ocrx_word' id='word_1_26' title='bbox 2431 634 2706 719; x_wconf 87' lang='lat' dir='ltr'>longam</span> 
     </span>
    </p>
   </div>
   <div class='ocr_carea' id='block_1_7' title="bbox 284 737 2714 1436">
    <p class='ocr_par' dir='ltr' id='par_1_7' title="bbox 284 737 2714 1436">
     <span class='ocr_line' id='line_1_7' title="bbox 285 737 2709 824; baseline -0.002 -20"><span class='ocrx_word' id='word_1_27' title='bbox 285 749 513 824; x_wconf 89' lang='lat' dir='ltr'>potest</span> <span class='ocrx_word' id='word_1_28' title='bbox 561 739 1097 823; x_wconf 86' lang='lat' dir='ltr'>prosecutionem</span> <span class='ocrx_word' id='word_1_29' title='bbox 1146 740 1500 804; x_wconf 89' lang='lat' dir='ltr'>uerborum</span> <span class='ocrx_word' id='word_1_30' title='bbox 1554 741 1622 804; x_wconf 91' lang='lat' dir='ltr'>in</span> <span class='ocrx_word' id='word_1_31' title='bbox 1670 738 1947 804; x_wconf 87' lang='lat' dir='ltr'>ecclesia</span> <span class='ocrx_word' id='word_1_32' title='bbox 1992 737 2425 804; x_wconf 87' lang='lat' dir='ltr'>facere—hoc</span> <span class='ocrx_word' id='word_1_33' title='bbox 2463 745 2533 801; x_wconf 96' lang='lat' dir='ltr'>et</span> <span class='ocrx_word' id='word_1_34' title='bbox 2563 757 2709 820; x_wconf 92' lang='lat' dir='ltr'>per-</span> 
     </span>
     <span class='ocr_line' id='line_1_8' title="bbox 284 840 2709 924; baseline -0.001 -19"><span class='ocrx_word' id='word_1_35' title='bbox 284 842 484 924; x_wconf 87' lang='lat' dir='ltr'>pauci</span> <span class='ocrx_word' id='word_1_36' title='bbox 533 841 751 906; x_wconf 88' lang='lat' dir='ltr'><strong>solent</strong></span> <span class='ocrx_word' id='word_1_37' title='bbox 801 840 1286 924; x_wconf 90' lang='lat' dir='ltr'>implere—sed</span> <span class='ocrx_word' id='word_1_38' title='bbox 1332 842 1446 924; x_wconf 91' lang='lat' dir='ltr'>qui</span> <span class='ocrx_word' id='word_1_39' title='bbox 1493 850 1721 924; x_wconf 88' lang='lat' dir='ltr'>potest</span> <span class='ocrx_word' id='word_1_40' title='bbox 1765 841 2240 924; x_wconf 88' lang='lat' dir='ltr'>qualicumque</span> <span class='ocrx_word' id='word_1_41' title='bbox 2285 858 2593 903; x_wconf 87' lang='lat' dir='ltr'>sermone</span> <span class='ocrx_word' id='word_1_42' title='bbox 2638 847 2709 902; x_wconf 92' lang='lat' dir='ltr'>et</span> 
     </span>
     <span class='ocr_line' id='line_1_9' title="bbox 287 935 2709 1026; baseline -0 -22"><span class='ocrx_word' id='word_1_43' title='bbox 287 942 358 1004; x_wconf 89' lang='lat' dir='ltr'>in</span> <span class='ocrx_word' id='word_1_44' title='bbox 418 961 774 1006; x_wconf 91' lang='lat' dir='ltr'>commune</span> <span class='ocrx_word' id='word_1_45' title='bbox 833 951 904 1007; x_wconf 96' lang='lat' dir='ltr'>et</span> <span class='ocrx_word' id='word_1_46' title='bbox 960 941 1351 1026; x_wconf 84' lang='lat' dir='ltr'>singillatim</span> <span class='ocrx_word' id='word_1_47' title='bbox 1427 963 1973 1026; x_wconf 90' lang='lat' dir='ltr'>unumquemque</span> <span class='ocrx_word' id='word_1_48' title='bbox 2048 935 2380 1025; x_wconf 73' lang='lat' dir='ltr'>dogmata‘</span> <span class='ocrx_word' id='word_1_49' title='bbox 2440 940 2709 1023; x_wconf 86' lang='lat' dir='ltr'>pietatis</span> 
     </span>
     <span class='ocr_line' id='line_1_10' title="bbox 287 1042 2711 1129; baseline 0 -22"><span class='ocrx_word' id='word_1_50' title='bbox 287 1045 628 1120; x_wconf 89' lang='lat' dir='ltr'>instruere,</span> <span class='ocrx_word' id='word_1_51' title='bbox 659 1054 800 1108; x_wconf 89' lang='lat' dir='ltr'>tam</span> <span class='ocrx_word' id='word_1_52' title='bbox 834 1046 1155 1128; x_wconf 87' lang='lat' dir='ltr'>pietatem</span> <span class='ocrx_word' id='word_1_53' title='bbox 1187 1065 1394 1129; x_wconf 89' lang='lat' dir='ltr'>quam</span> <span class='ocrx_word' id='word_1_54' title='bbox 1425 1046 1763 1124; x_wconf 90' lang='lat' dir='ltr'>uirtutem,</span> <span class='ocrx_word' id='word_1_55' title='bbox 1797 1054 1864 1109; x_wconf 88' lang='lat' dir='ltr'>et</span> <span class='ocrx_word' id='word_1_56' title='bbox 1897 1045 2136 1129; x_wconf 91' lang='lat' dir='ltr'>quibus</span> <span class='ocrx_word' id='word_1_57' title='bbox 2183 1046 2401 1108; x_wconf 89' lang='lat' dir='ltr'>modis</span> <span class='ocrx_word' id='word_1_58' title='bbox 2432 1042 2711 1126; x_wconf 89' lang='lat' dir='ltr'>implere</span> 
     </span>
     <span class='ocr_line' id='line_1_11' title="bbox 289 1145 2709 1230; baseline 0 -22"><span class='ocrx_word' id='word_1_59' title='bbox 289 1145 542 1210; x_wconf 92' lang='lat' dir='ltr'>debent</span> <span class='ocrx_word' id='word_1_60' title='bbox 603 1147 732 1210; x_wconf 89' lang='lat' dir='ltr'>ista</span> <span class='ocrx_word' id='word_1_61' title='bbox 792 1168 882 1210; x_wconf 86' lang='lat' dir='ltr'>ex</span> <span class='ocrx_word' id='word_1_62' title='bbox 944 1147 1186 1230; x_wconf 92' lang='lat' dir='ltr'>quibus</span> <span class='ocrx_word' id='word_1_63' title='bbox 1246 1148 1354 1212; x_wconf 91' lang='lat' dir='ltr'>uel</span> <span class='ocrx_word' id='word_1_64' title='bbox 1408 1148 1709 1212; x_wconf 86' lang='lat' dir='ltr'>maxime</span> <span class='ocrx_word' id='word_1_65' title='bbox 1769 1156 2203 1230; x_wconf 87' lang='lat' dir='ltr'>augmentum</span> <span class='ocrx_word' id='word_1_66' title='bbox 2260 1145 2375 1210; x_wconf 92' lang='lat' dir='ltr'>illa</span> <span class='ocrx_word' id='word_1_67' title='bbox 2434 1146 2709 1228; x_wconf 89' lang='lat' dir='ltr'>adsequi</span> 
     </span>
     <span class='ocr_line' id='line_1_12' title="bbox 288 1246 2713 1333; baseline 0 -23"><span class='ocrx_word' id='word_1_68' title='bbox 288 1257 622 1330; x_wconf 89' lang='lat' dir='ltr'>poterunt.</span> <span class='ocrx_word' id='word_1_69' title='bbox 709 1249 767 1312; x_wconf 88' lang='lat' dir='ltr'>si</span> <span class='ocrx_word' id='word_1_70' title='bbox 828 1249 957 1314; x_wconf 92' lang='lat' dir='ltr'>ista</span> <span class='ocrx_word' id='word_1_71' title='bbox 1016 1250 1369 1333; x_wconf 90' lang='lat' dir='ltr'>episeopus</span> <span class='ocrx_word' id='word_1_72' title='bbox 1429 1251 1751 1328; x_wconf 85' lang='lat' dir='ltr'>nescierit,</span> <span class='ocrx_word' id='word_1_73' title='bbox 1830 1248 1991 1313; x_wconf 88' lang='lat' dir='ltr'>nihil</span> <span class='ocrx_word' id='word_1_74' title='bbox 2051 1269 2092 1312; x_wconf 91' lang='lat' dir='ltr'>a</span> <span class='ocrx_word' id='word_1_75' title='bbox 2151 1248 2387 1311; x_wconf 89' lang='lat' dir='ltr'>ceteris</span> <span class='ocrx_word' id='word_1_76' title='bbox 2447 1246 2713 1310; x_wconf 89' lang='lat' dir='ltr'>differre</span> 
     </span>
     <span class='ocr_line' id='line_1_13' title="bbox 289 1349 2714 1436; baseline -0 -24"><span class='ocrx_word' id='word_1_77' title='bbox 289 1349 645 1428; x_wconf 89' lang='lat' dir='ltr'>uidebitur,</span> <span class='ocrx_word' id='word_1_78' title='bbox 679 1349 1087 1433; x_wconf 89' lang='lat' dir='ltr'>superfluam</span> <span class='ocrx_word' id='word_1_79' title='bbox 1118 1353 1413 1436; x_wconf 90' lang='lat' dir='ltr'>speeiem</span> <span class='ocrx_word' id='word_1_80' title='bbox 1459 1352 1752 1415; x_wconf 89' lang='lat' dir='ltr'>doctoris</span> <span class='ocrx_word' id='word_1_81' title='bbox 1786 1351 1852 1415; x_wconf 90' lang='lat' dir='ltr'>in</span> <span class='ocrx_word' id='word_1_82' title='bbox 1885 1371 1956 1414; x_wconf 91' lang='lat' dir='ltr'>se</span> <span class='ocrx_word' id='word_1_83' title='bbox 1992 1349 2329 1413; x_wconf 66' lang='lat' dir='ltr'>simulans</span> <span class='ocrx_word' id='word_1_84' title='bbox 2420 1349 2714 1432; x_wconf 90' lang='lat' dir='ltr'>denique</span> 
     </span>
    </p>
   </div>
   <div class='ocr_carea' id='block_1_8' title="bbox 290 1453 2823 1539">
    <p class='ocr_par' dir='ltr' id='par_1_8' title="bbox 290 1453 2823 1539">
     <span class='ocr_line' id='line_1_14' title="bbox 290 1453 2823 1539; baseline 0.003 -24"><span class='ocrx_word' id='word_1_85' title='bbox 290 1461 360 1516; x_wconf 88' lang='lat' dir='ltr'>et</span> <span class='ocrx_word' id='word_1_86' title='bbox 405 1453 540 1516; x_wconf 92' lang='lat' dir='ltr'>cito</span> <span class='ocrx_word' id='word_1_87' title='bbox 584 1454 875 1518; x_wconf 89' lang='lat' dir='ltr'>scribens</span> <span class='ocrx_word' id='word_1_88' title='bbox 921 1455 1094 1519; x_wconf 90' lang='lat' dir='ltr'>inter</span> <span class='ocrx_word' id='word_1_89' title='bbox 1137 1464 1357 1520; x_wconf 90' lang='lat' dir='ltr'>cetera</span> <span class='ocrx_word' id='word_1_90' title='bbox 1402 1476 1575 1538; x_wconf 93' lang='lat' dir='ltr'>quae</span> <span class='ocrx_word' id='word_1_91' title='bbox 1619 1454 1706 1518; x_wconf 92' lang='lat' dir='ltr'>de</span> <span class='ocrx_word' id='word_1_92' title='bbox 1751 1456 2067 1539; x_wconf 89' lang='lat' dir='ltr'>episcopo</span> <span class='ocrx_word' id='word_1_93' title='bbox 2098 1454 2385 1530; x_wconf 92' lang='lat' dir='ltr'>dicebat,</span> <span class='ocrx_word' id='word_1_94' title='bbox 2425 1454 2518 1517; x_wconf 95' lang='lat' dir='ltr'>ait</span> <span class='ocrx_word' id='word_1_95' title='bbox 2551 1475 2714 1537; x_wconf 88' lang='lat' dir='ltr'>quo·</span> <span class='ocrx_word' id='word_1_96' title='bbox 2746 1475 2823 1522; x_wconf 86' lang='lat'>10</span> 
     </span>
    </p>
   </div>
   <div class='ocr_carea' id='block_1_9' title="bbox 289 1561 2714 1854">
    <p class='ocr_par' dir='ltr' id='par_1_9' title="bbox 289 1561 2714 1854">
     <span class='ocr_line' id='line_1_15' title="bbox 289 1561 2714 1647; baseline 0.001 -23"><span class='ocrx_word' id='word_1_97' title='bbox 289 1561 474 1625; x_wconf 89' lang='lat' dir='ltr'>niam</span> <span class='ocrx_word' id='word_1_98' title='bbox 521 1571 787 1645; x_wconf 87' lang='lat' dir='ltr'>oportet</span> <span class='ocrx_word' id='word_1_99' title='bbox 841 1584 994 1629; x_wconf 89' lang='lat' dir='ltr'>eum</span> <span class='ocrx_word' id='word_1_100' title='bbox 1049 1565 1332 1629; x_wconf 91' lang='lat' dir='ltr'>retinere</span> <span class='ocrx_word' id='word_1_101' title='bbox 1381 1565 1460 1628; x_wconf 86' lang='lat' dir='ltr'>id</span> <span class='ocrx_word' id='word_1_102' title='bbox 1501 1565 1679 1647; x_wconf 84' lang='lat' dir='ltr'>quod</span> <span class='ocrx_word' id='word_1_103' title='bbox 1718 1565 2065 1629; x_wconf 87' lang='lat' dir='ltr'>secundum</span> <span class='ocrx_word' id='word_1_104' title='bbox 2115 1563 2478 1628; x_wconf 83' lang='lat' dir='ltr'>doctrinam</span> <span class='ocrx_word' id='word_1_105' title='bbox 2514 1562 2714 1646; x_wconf 85' lang='lat' dir='ltr'>fidele</span> 
     </span>
     <span class='ocr_line' id='line_1_16' title="bbox 291 1665 2714 1749; baseline 0.001 -21"><span class='ocrx_word' id='word_1_106' title='bbox 291 1665 574 1742; x_wconf 84' lang='lat' dir='ltr'>uerbum,</span> <span class='ocrx_word' id='word_1_107' title='bbox 619 1675 695 1730; x_wconf 87' lang='lat' dir='ltr'>ut</span> <span class='ocrx_word' id='word_1_108' title='bbox 733 1676 963 1748; x_wconf 85' lang='lat' dir='ltr'>potens</span> <span class='ocrx_word' id='word_1_109' title='bbox 1001 1667 1096 1731; x_wconf 85' lang='lat' dir='ltr'>sit</span> <span class='ocrx_word' id='word_1_110' title='bbox 1134 1667 1468 1732; x_wconf 78' lang='lat' dir='ltr'>exhortare</span> <span class='ocrx_word' id='word_1_111' title='bbox 1512 1667 1582 1730; x_wconf 86' lang='lat' dir='ltr'>in</span> <span class='ocrx_word' id='word_1_112' title='bbox 1626 1666 1923 1732; x_wconf 84' lang='lat' dir='ltr'>doctrina</span> <span class='ocrx_word' id='word_1_113' title='bbox 1963 1689 2131 1732; x_wconf 87' lang='lat' dir='ltr'>sana</span> <span class='ocrx_word' id='word_1_114' title='bbox 2172 1677 2236 1732; x_wconf 90' lang='lat' dir='ltr'>et</span> <span class='ocrx_word' id='word_1_115' title='bbox 2275 1689 2376 1731; x_wconf 89' lang='lat' dir='ltr'>eos</span> <span class='ocrx_word' id='word_1_116' title='bbox 2416 1667 2535 1749; x_wconf 84' lang='lat' dir='ltr'>qui</span> <span class='ocrx_word' id='word_1_117' title='bbox 2572 1687 2714 1730; x_wconf 86' lang='lat' dir='ltr'>con-</span> 
     </span>
     <span class='ocr_line' id='line_1_17' title="bbox 293 1765 2714 1854; baseline 0.002 -25"><span class='ocrx_word' id='word_1_118' title='bbox 293 1765 629 1832; x_wconf 84' lang='lat' dir='ltr'>tradicunt</span> <span class='ocrx_word' id='word_1_119' title='bbox 667 1789 986 1850; x_wconf 78' lang='lat' dir='ltr'>arguere,·</span> <span class='ocrx_word' id='word_1_120' title='bbox 1039 1770 1136 1834; x_wconf 87' lang='lat' dir='ltr'>sic</span> <span class='ocrx_word' id='word_1_121' title='bbox 1182 1769 1328 1835; x_wconf 92' lang='lat' dir='ltr'>uult</span> <span class='ocrx_word' id='word_1_122' title='bbox 1375 1769 1539 1833; x_wconf 88' lang='lat' dir='ltr'>nihil</span> <span class='ocrx_word' id='word_1_123' title='bbox 1587 1769 1821 1835; x_wconf 88' lang='lat' dir='ltr'>deesse</span> <span class='ocrx_word' id='word_1_124' title='bbox 1864 1770 2179 1854; x_wconf 88' lang='lat' dir='ltr'>episcopo</span> <span class='ocrx_word' id='word_1_125' title='bbox 2225 1769 2489 1834; x_wconf 86' lang='lat' dir='ltr'>illorum</span> <span class='ocrx_word' id='word_1_126' title='bbox 2538 1789 2714 1851; x_wconf 90' lang='lat' dir='ltr'>quae</span> 
     </span>
    </p>
   </div>
   <div class='ocr_carea' id='block_1_10' title="bbox 290 1869 1165 1955">
    <p class='ocr_par' dir='ltr' id='par_1_10' title="bbox 290 1869 1165 1955">
     <span class='ocr_line' id='line_1_18' title="bbox 290 1869 1165 1955; baseline 0.005 -22"><span class='ocrx_word' id='word_1_127' title='bbox 290 1869 381 1934; x_wconf 93' lang='lat' dir='ltr'>ad</span> <span class='ocrx_word' id='word_1_128' title='bbox 410 1871 783 1936; x_wconf 89' lang='lat' dir='ltr'>doctrinam</span> <span class='ocrx_word' id='word_1_129' title='bbox 814 1873 1165 1955; x_wconf 89' lang='lat' dir='ltr'>pertinent.</span> 
     </span>
    </p>
   </div>
   <div class='ocr_carea' id='block_1_11' title="bbox 427 2033 1001 2098">
    <p class='ocr_par' dir='ltr' id='par_1_11' title="bbox 427 2033 1001 2098">
     <span class='ocr_line' id='line_1_19' title="bbox 427 2033 1001 2098; baseline 0.003 -3"><span class='ocrx_word' id='word_1_130' title='bbox 427 2053 554 2095; x_wconf 85' lang='lat' dir='ltr'>non</span> <span class='ocrx_word' id='word_1_131' title='bbox 583 2033 1001 2098; x_wconf 86' lang='lat' dir='ltr'>uinolentum.</span> 
     </span>
    </p>
   </div>
   <div class='ocr_carea' id='block_1_12' title="bbox 295 2159 2715 2456">
    <p class='ocr_par' dir='ltr' id='par_1_12' title="bbox 295 2159 2715 2456">
     <span class='ocr_line' id='line_1_20' title="bbox 426 2159 2712 2241; baseline 0.001 -19"><span class='ocrx_word' id='word_1_132' title='bbox 426 2159 566 2223; x_wconf 93' lang='lat' dir='ltr'>iure</span> <span class='ocrx_word' id='word_1_133' title='bbox 618 2160 686 2222; x_wconf 93' lang='lat' dir='ltr'>id</span> <span class='ocrx_word' id='word_1_134' title='bbox 731 2159 936 2239; x_wconf 85' lang='lat' dir='ltr'>dicit3</span> <span class='ocrx_word' id='word_1_135' title='bbox 985 2160 1039 2223; x_wconf 91' lang='lat' dir='ltr'>si</span> <span class='ocrx_word' id='word_1_136' title='bbox 1085 2159 1263 2224; x_wconf 91' lang='lat' dir='ltr'>enirn</span> <span class='ocrx_word' id='word_1_137' title='bbox 1310 2169 1378 2224; x_wconf 95' lang='lat' dir='ltr'>et</span> <span class='ocrx_word' id='word_1_138' title='bbox 1418 2162 1602 2225; x_wconf 89' lang='lat' dir='ltr'>omni</span> <span class='ocrx_word' id='word_1_139' title='bbox 1644 2159 1898 2225; x_wconf 90' lang='lat' dir='ltr'>homini</span> <span class='ocrx_word' id='word_1_140' title='bbox 1942 2161 2072 2225; x_wconf 89' lang='lat' dir='ltr'>hoc</span> <span class='ocrx_word' id='word_1_141' title='bbox 2114 2161 2556 2227; x_wconf 89' lang='lat' dir='ltr'>necessarium</span> <span class='ocrx_word' id='word_1_142' title='bbox 2594 2173 2712 2241; x_wconf 87' lang='lat' dir='ltr'>est,</span> 
     </span>
     <span class='ocr_line' id='line_1_21' title="bbox 295 2263 2715 2349; baseline 0.002 -21"><span class='ocrx_word' id='word_1_143' title='bbox 295 2263 507 2329; x_wconf 89' lang='lat' dir='ltr'>multo</span> <span class='ocrx_word' id='word_1_144' title='bbox 539 2265 752 2348; x_wconf 86' lang='lat' dir='ltr'>magis</span> <span class='ocrx_word' id='word_1_145' title='bbox 792 2266 1127 2348; x_wconf 90' lang='lat' dir='ltr'>episcopo,</span> <span class='ocrx_word' id='word_1_146' title='bbox 1170 2266 1284 2349; x_wconf 88' lang='lat' dir='ltr'>qui</span> <span class='ocrx_word' id='word_1_147' title='bbox 1326 2266 1507 2330; x_wconf 91' lang='lat' dir='ltr'>omni</span> <span class='ocrx_word' id='word_1_148' title='bbox 1541 2266 1608 2329; x_wconf 92' lang='lat' dir='ltr'>in</span> <span class='ocrx_word' id='word_1_149' title='bbox 1650 2273 1955 2348; x_wconf 91' lang='lat' dir='ltr'>tempore</span> <span class='ocrx_word' id='word_1_150' title='bbox 1996 2275 2271 2348; x_wconf 88' lang='lat' dir='ltr'>paratus</span> <span class='ocrx_word' id='word_1_151' title='bbox 2315 2265 2523 2331; x_wconf 91' lang='lat' dir='ltr'>debet</span> <span class='ocrx_word' id='word_1_152' title='bbox 2569 2288 2715 2332; x_wconf 89' lang='lat' dir='ltr'>esse</span> 
     </span>
     <span class='ocr_line' id='line_1_22' title="bbox 295 2370 1783 2456; baseline 0.001 -23"><span class='ocrx_word' id='word_1_153' title='bbox 295 2370 383 2433; x_wconf 92' lang='lat' dir='ltr'>ad</span> <span class='ocrx_word' id='word_1_154' title='bbox 414 2379 640 2436; x_wconf 91' lang='lat' dir='ltr'>actum</span> <span class='ocrx_word' id='word_1_155' title='bbox 673 2371 938 2436; x_wconf 86' lang='lat' dir='ltr'>illorum</span> <span class='ocrx_word' id='word_1_156' title='bbox 970 2391 1143 2454; x_wconf 91' lang='lat' dir='ltr'>quae</span> <span class='ocrx_word' id='word_1_157' title='bbox 1174 2371 1316 2434; x_wconf 91' lang='lat' dir='ltr'>fieri</span> <span class='ocrx_word' id='word_1_158' title='bbox 1345 2371 1783 2456; x_wconf 31' lang='lat' dir='ltr'>conueniunt.-</span> 
     </span>
    </p>
   </div>
   <div class='ocr_carea' id='block_1_13' title="bbox 427 2533 1019 2605">
    <p class='ocr_par' dir='ltr' id='par_1_13' title="bbox 427 2533 1019 2605">
     <span class='ocr_line' id='line_1_23' title="bbox 427 2533 1019 2605; baseline 0.005 -20"><span class='ocrx_word' id='word_1_159' title='bbox 427 2542 552 2585; x_wconf 84' lang='lat' dir='ltr'>non</span> <span class='ocrx_word' id='word_1_160' title='bbox 564 2533 1019 2605; x_wconf 80' lang='lat' dir='ltr'>percussorem.</span> 
     </span>
    </p>
   </div>
   <div class='ocr_carea' id='block_1_14' title="bbox 424 2650 2829 2735">
    <p class='ocr_par' dir='ltr' id='par_1_14' title="bbox 424 2650 2829 2735">
     <span class='ocr_line' id='line_1_24' title="bbox 424 2650 2829 2735; baseline 0.004 -22"><span class='ocrx_word' id='word_1_161' title='bbox 424 2670 510 2713; x_wconf 89' lang='lat' dir='ltr'>ne</span> <span class='ocrx_word' id='word_1_162' title='bbox 557 2650 864 2715; x_wconf 86' lang='lat' dir='ltr'>absolute</span> <span class='ocrx_word' id='word_1_163' title='bbox 909 2660 1025 2716; x_wconf 88' lang='lat' dir='ltr'>aut</span> <span class='ocrx_word' id='word_1_164' title='bbox 1059 2652 1204 2715; x_wconf 94' lang='lat' dir='ltr'>sine</span> <span class='ocrx_word' id='word_1_165' title='bbox 1251 2672 1469 2729; x_wconf 87' lang='lat' dir='ltr'>causa,</span> <span class='ocrx_word' id='word_1_166' title='bbox 1516 2661 1634 2716; x_wconf 91' lang='lat' dir='ltr'>aut</span> <span class='ocrx_word' id='word_1_167' title='bbox 1680 2651 1961 2717; x_wconf 87' lang='lat' dir='ltr'>adsidua</span> <span class='ocrx_word' id='word_1_168' title='bbox 2006 2652 2475 2735; x_wconf 91' lang='lat' dir='ltr'>increpatione,</span> <span class='ocrx_word' id='word_1_169' title='bbox 2526 2651 2717 2718; x_wconf 88' lang='lat' dir='ltr'>feriat</span> <span class='ocrx_word' id='word_1_170' title='bbox 2745 2674 2829 2723; x_wconf 89' lang='lat'>20</span> 
     </span>
    </p>
   </div>
   <div class='ocr_carea' id='block_1_15' title="bbox 296 2752 2725 2943">
    <p class='ocr_par' dir='ltr' id='par_1_15' title="bbox 296 2752 2725 2943">
     <span class='ocr_line' id='line_1_25' title="bbox 296 2752 2719 2840; baseline 0.002 -25"><span class='ocrx_word' id='word_1_171' title='bbox 296 2772 717 2836; x_wconf 89' lang='lat' dir='ltr'>quemquam.</span> <span class='ocrx_word' id='word_1_172' title='bbox 808 2752 957 2818; x_wconf 93' lang='lat' dir='ltr'>uult</span> <span class='ocrx_word' id='word_1_173' title='bbox 1005 2774 1158 2818; x_wconf 91' lang='lat' dir='ltr'>eum</span> <span class='ocrx_word' id='word_1_174' title='bbox 1200 2774 1352 2818; x_wconf 91' lang='lat' dir='ltr'>cum</span> <span class='ocrx_word' id='word_1_175' title='bbox 1407 2754 1739 2818; x_wconf 89' lang='lat' dir='ltr'>modestia</span> <span class='ocrx_word' id='word_1_176' title='bbox 1784 2755 1997 2839; x_wconf 85' lang='lat' dir='ltr'>magis</span> <span class='ocrx_word' id='word_1_177' title='bbox 2047 2754 2132 2819; x_wconf 93' lang='lat' dir='ltr'>de</span> <span class='ocrx_word' id='word_1_178' title='bbox 2183 2754 2459 2839; x_wconf 84' lang='lat' dir='ltr'>singulis</span> <span class='ocrx_word' id='word_1_179' title='bbox 2504 2776 2719 2840; x_wconf 84' lang='lat' dir='ltr'>agere,</span> 
     </span>
     <span class='ocr_line' id='line_1_26' title="bbox 297 2855 2725 2943; baseline 0.003 -26"><span class='ocrx_word' id='word_1_180' title='bbox 297 2856 467 2920; x_wconf 90' lang='lat' dir='ltr'>sicut</span> <span class='ocrx_word' id='word_1_181' title='bbox 525 2864 594 2920; x_wconf 91' lang='lat' dir='ltr'>et</span> <span class='ocrx_word' id='word_1_182' title='bbox 653 2857 722 2919; x_wconf 91' lang='lat' dir='ltr'>in</span> <span class='ocrx_word' id='word_1_183' title='bbox 771 2855 1068 2921; x_wconf 89' lang='lat' dir='ltr'>secunda</span> <span class='ocrx_word' id='word_1_184' title='bbox 1120 2856 1409 2940; x_wconf 90' lang='lat' dir='ltr'>epistola</span> <span class='ocrx_word' id='word_1_185' title='bbox 1460 2858 1667 2923; x_wconf 86' lang='lat' dir='ltr'>dicit:</span> <span class='ocrx_word' id='word_1_186' title='bbox 1712 2858 2069 2923; x_wconf 87' lang='lat' dir='ltr'>modestum</span> <span class='ocrx_word' id='word_1_187' title='bbox 2104 2880 2260 2924; x_wconf 91' lang='lat' dir='ltr'>eum</span> <span class='ocrx_word' id='word_1_188' title='bbox 2306 2870 2586 2943; x_wconf 81' lang='lat' dir='ltr'>oportere</span> <span class='ocrx_word' id='word_1_189' title='bbox 2627 2861 2725 2926; x_wconf 85' lang='lat' dir='ltr'>ad</span> 
     </span>
    </p>
   </div>
   <div class='ocr_carea' id='block_1_16' title="bbox 289 3050 1462 4505">
    <p class='ocr_par' dir='ltr' id='par_1_16' title="bbox 292 3050 1458 3436">
     <span class='ocr_line' id='line_1_27' title="bbox 397 3050 885 3101; baseline 0 -2"><span class='ocrx_word' id='word_1_190' title='bbox 397 3063 418 3099; x_wconf 83' lang='lat'>1</span> <span class='ocrx_word' id='word_1_191' title='bbox 456 3050 552 3099; x_wconf 84' lang='lat' dir='ltr'>ista</span> <span class='ocrx_word' id='word_1_192' title='bbox 583 3050 764 3101; x_wconf 90' lang='lat' dir='ltr'>docere</span> <span class='ocrx_word' id='word_1_193' title='bbox 777 3050 845 3099; x_wconf 85' lang='lat' dir='ltr'><em>H</em></span> <span class='ocrx_word' id='word_1_194' title='bbox 851 3066 885 3099; x_wconf 86' lang='lat' dir='ltr'>r</span> 
     </span>
     <span class='ocr_line' id='line_1_28' title="bbox 295 3132 1297 3197; baseline 0 -15"><span class='ocrx_word' id='word_1_195' title='bbox 295 3132 512 3182; x_wconf 87' lang='lat' dir='ltr'>debeant</span> <span class='ocrx_word' id='word_1_196' title='bbox 546 3150 578 3181; x_wconf 88' lang='lat' dir='ltr'>r</span> <span class='ocrx_word' id='word_1_197' title='bbox 754 3132 786 3182; x_wconf 83' lang='lat'>8</span> <span class='ocrx_word' id='word_1_198' title='bbox 817 3140 1051 3197; x_wconf 84' lang='lat' dir='ltr'>poterant</span> <span class='ocrx_word' id='word_1_199' title='bbox 1079 3132 1124 3182; x_wconf 91' lang='lat' dir='ltr'><em>C</em></span> <span class='ocrx_word' id='word_1_200' title='bbox 1143 3132 1172 3158; x_wconf 81' lang='lat'><em>*</em></span> <span class='ocrx_word' id='word_1_201' title='bbox 1190 3132 1258 3183; x_wconf 83' lang='lat' dir='ltr'>II</span> <span class='ocrx_word' id='word_1_202' title='bbox 1263 3148 1297 3182; x_wconf 85' lang='lat' dir='ltr'>r</span> 
     </span>
     <span class='ocr_line' id='line_1_29' title="bbox 292 3302 1458 3371; baseline 0.003 -19"><span class='ocrx_word' id='word_1_203' title='bbox 292 3303 379 3354; x_wconf 88' lang='lat' dir='ltr'>the</span> <span class='ocrx_word' id='word_1_204' title='bbox 422 3302 548 3353; x_wconf 83' lang='lat' dir='ltr'>saith</span> <span class='ocrx_word' id='word_1_205' title='bbox 589 3303 692 3353; x_wconf 83' lang='lat' dir='ltr'>and</span> <span class='ocrx_word' id='word_1_206' title='bbox 731 3302 818 3371; x_wconf 84' lang='lat' dir='ltr'>the</span> <span class='ocrx_word' id='word_1_207' title='bbox 861 3303 1081 3369; x_wconf 79' lang='lat' dir='ltr'>practice</span> <span class='ocrx_word' id='word_1_208' title='bbox 1114 3303 1174 3354; x_wconf 83' lang='lat' dir='ltr'>of</span> <span class='ocrx_word' id='word_1_209' title='bbox 1210 3318 1244 3353; x_wconf 80' lang='lat' dir='ltr'>a</span> <span class='ocrx_word' id='word_1_210' title='bbox 1287 3304 1458 3355; x_wconf 84' lang='lat' dir='ltr'>Chris·</span> 
     </span>
     <span class='ocr_line' id='line_1_30' title="bbox 293 3383 455 3436; baseline 0.006 -30"><span class='ocrx_word' id='word_1_211' title='bbox 293 3384 416 3436; x_wconf 55' lang='lat' dir='ltr'><strong>tian-</strong></span> <span class='ocrx_word' id='word_1_212' title='bbox 425 3383 455 3407; x_wconf 72' lang='lat'>22</span> 
     </span>
    </p>

    <p class='ocr_par' dir='ltr' id='par_1_17' title="bbox 292 3467 1462 3855">
     <span class='ocr_line' id='line_1_31' title="bbox 359 3467 1458 3533; baseline -0.001 -16"><span class='ocrx_word' id='word_1_213' title='bbox 359 3483 408 3517; x_wconf 70' lang='grc' dir='ltr'>α.</span> <span class='ocrx_word' id='word_1_214' title='bbox 481 3482 584 3517; x_wconf 84' lang='lat' dir='ltr'>non</span> <span class='ocrx_word' id='word_1_215' title='bbox 650 3468 799 3517; x_wconf 79' lang='lat' dir='ltr'>illum</span> <span class='ocrx_word' id='word_1_216' title='bbox 909 3468 1000 3532; x_wconf 77' lang='lat' dir='ltr'>qui</span> <span class='ocrx_word' id='word_1_217' title='bbox 1057 3468 1274 3533; x_wconf 75' lang='lat' dir='ltr'>longum,</span> <span class='ocrx_word' id='word_1_218' title='bbox 1341 3467 1458 3531; x_wconf 62' lang='grc' dir='ltr'>δια]</span> 
     </span>
     <span class='ocr_line' id='line_1_32' title="bbox 294 3548 1458 3611; baseline -0.001 -13"><span class='ocrx_word' id='word_1_219' title='bbox 294 3548 475 3599; x_wconf 86' lang='lat' dir='ltr'>Thdt.:</span> <span class='ocrx_word' id='word_1_220' title='bbox 522 3550 579 3596; x_wconf 78' lang='grc' dir='ltr'>οὔ</span> <span class='ocrx_word' id='word_1_221' title='bbox 611 3548 696 3597; x_wconf 82' lang='grc' dir='ltr'>τὸν</span> <span class='ocrx_word' id='word_1_222' title='bbox 735 3550 1010 3610; x_wconf 72' lang='grc' dir='ltr'>εὐγλωττία</span> <span class='ocrx_word' id='word_1_223' title='bbox 1045 3549 1185 3611; x_wconf 71' lang='grc' dir='ltr'>λέγει</span> <span class='ocrx_word' id='word_1_224' title='bbox 1223 3565 1458 3609; x_wconf 81' lang='grc' dir='ltr'>κεκοσμη·</span> 
     </span>
     <span class='ocr_line' id='line_1_33' title="bbox 293 3628 1458 3693; baseline 0 -16"><span class='ocrx_word' id='word_1_225' title='bbox 293 3628 454 3688; x_wconf 71' lang='grc' dir='ltr'>μένον.</span> <span class='ocrx_word' id='word_1_226' title='bbox 526 3628 632 3678; x_wconf 83' lang='lat' dir='ltr'>Hoc</span> <span class='ocrx_word' id='word_1_227' title='bbox 661 3634 711 3677; x_wconf 81' lang='lat' dir='ltr'>et</span> <span class='ocrx_word' id='word_1_228' title='bbox 735 3628 984 3693; x_wconf 79' lang='lat' dir='ltr'>perpauci,</span> <span class='ocrx_word' id='word_1_229' title='bbox 1015 3628 1132 3687; x_wconf 83' lang='lat' dir='ltr'>&amp;c.;</span> <span class='ocrx_word' id='word_1_230' title='bbox 1176 3645 1207 3679; x_wconf 80' lang='lat' dir='ltr'>a</span> <span class='ocrx_word' id='word_1_231' title='bbox 1239 3629 1458 3679; x_wconf 86' lang='lat' dir='ltr'>remark-</span> 
     </span>
     <span class='ocr_line' id='line_1_34' title="bbox 293 3708 1462 3775; baseline 0.001 -16"><span class='ocrx_word' id='word_1_232' title='bbox 293 3709 406 3759; x_wconf 81' lang='lat' dir='ltr'>able</span> <span class='ocrx_word' id='word_1_233' title='bbox 420 3716 709 3767; x_wconf 85' lang='lat' dir='ltr'>statement,</span> <span class='ocrx_word' id='word_1_234' title='bbox 729 3725 784 3759; x_wconf 86' lang='lat' dir='ltr'>as</span> <span class='ocrx_word' id='word_1_235' title='bbox 808 3710 1012 3775; x_wconf 85' lang='lat' dir='ltr'>coming</span> <span class='ocrx_word' id='word_1_236' title='bbox 1027 3708 1156 3759; x_wconf 83' lang='lat' dir='ltr'>from</span> <span class='ocrx_word' id='word_1_237' title='bbox 1175 3710 1259 3761; x_wconf 88' lang='lat' dir='ltr'>the</span> <span class='ocrx_word' id='word_1_238' title='bbox 1274 3710 1462 3775; x_wconf 85' lang='lat' dir='ltr'>golden</span> 
     </span>
     <span class='ocr_line' id='line_1_35' title="bbox 292 3789 1014 3855; baseline 0 -16"><span class='ocrx_word' id='word_1_239' title='bbox 292 3806 387 3855; x_wconf 82' lang='lat' dir='ltr'>age</span> <span class='ocrx_word' id='word_1_240' title='bbox 408 3789 471 3840; x_wconf 83' lang='lat' dir='ltr'>of</span> <span class='ocrx_word' id='word_1_241' title='bbox 485 3790 702 3839; x_wconf 85' lang='lat' dir='ltr'>Eastern</span> <span class='ocrx_word' id='word_1_242' title='bbox 723 3790 1014 3855; x_wconf 85' lang='lat' dir='ltr'>preaching.</span> 
     </span>
    </p>

    <p class='ocr_par' dir='ltr' id='par_1_18' title="bbox 289 3869 1462 4181">
     <span class='ocr_line' id='line_1_36' title="bbox 357 3869 1460 3935; baseline -0.001 -15"><span class='ocrx_word' id='word_1_243' title='bbox 357 3874 406 3921; x_wconf 88' lang='grc'>8.</span> <span class='ocrx_word' id='word_1_244' title='bbox 471 3871 521 3920; x_wconf 83' lang='lat' dir='ltr'>si</span> <span class='ocrx_word' id='word_1_245' title='bbox 546 3872 642 3920; x_wconf 79' lang='lat' dir='ltr'>ista</span> <span class='ocrx_word' id='word_1_246' title='bbox 672 3872 919 3935; x_wconf 79' lang='lat' dir='ltr'>episcopus</span> <span class='ocrx_word' id='word_1_247' title='bbox 947 3870 1184 3932; x_wconf 82' lang='lat' dir='ltr'>nescierit,</span> <span class='ocrx_word' id='word_1_248' title='bbox 1213 3869 1328 3933; x_wconf 63' lang='grc' dir='ltr'>δια]</span> <span class='ocrx_word' id='word_1_249' title='bbox 1377 3870 1460 3921; x_wconf 82' lang='lat' dir='ltr'>Cf.</span> 
     </span>
     <span class='ocr_line' id='line_1_37' title="bbox 291 3952 1459 4019; baseline -0.002 -16"><span class='ocrx_word' id='word_1_250' title='bbox 291 3953 504 4019; x_wconf 85' lang='lat' dir='ltr'>Thpht.:</span> <span class='ocrx_word' id='word_1_251' title='bbox 539 3954 606 4003; x_wconf 76' lang='grc' dir='ltr'>τὰ</span> <span class='ocrx_word' id='word_1_252' title='bbox 634 3954 726 4013; x_wconf 77' lang='grc' dir='ltr'>μὲν</span> <span class='ocrx_word' id='word_1_253' title='bbox 762 3954 1093 4017; x_wconf 70' lang='grc' dir='ltr'>προρρηθέντα</span> <span class='ocrx_word' id='word_1_254' title='bbox 1125 3954 1206 4002; x_wconf 74' lang='grc' dir='ltr'>καὶ</span> <span class='ocrx_word' id='word_1_255' title='bbox 1238 3953 1284 4000; x_wconf 71' lang='grc' dir='ltr'>οὶ</span> <span class='ocrx_word' id='word_1_256' title='bbox 1316 3952 1459 4015; x_wconf 74' lang='grc' dir='ltr'>ἀρχό-</span> 
     </span>
     <span class='ocr_line' id='line_1_38' title="bbox 289 4034 1462 4097; baseline -0.002 -12"><span class='ocrx_word' id='word_1_257' title='bbox 289 4052 422 4097; x_wconf 78' lang='grc' dir='ltr'>μενοι</span> <span class='ocrx_word' id='word_1_258' title='bbox 442 4034 781 4086; x_wconf 71' lang='grc' dir='ltr'>ἀπαιτοῦνται·</span> <span class='ocrx_word' id='word_1_259' title='bbox 802 4034 948 4087; x_wconf 81' lang='grc' dir='ltr'>τοῦτο</span> <span class='ocrx_word' id='word_1_260' title='bbox 964 4035 1016 4084; x_wconf 80' lang='grc' dir='ltr'>δὲ</span> <span class='ocrx_word' id='word_1_261' title='bbox 1033 4034 1227 4084; x_wconf 72' lang='grc' dir='ltr'>πάντων</span> <span class='ocrx_word' id='word_1_262' title='bbox 1239 4034 1462 4095; x_wconf 76' lang='grc' dir='ltr'>μάλιστα</span> 
     </span>
     <span class='ocr_line' id='line_1_39' title="bbox 291 4112 1019 4181; baseline -0.001 -16"><span class='ocrx_word' id='word_1_263' title='bbox 291 4118 540 4181; x_wconf 75' lang='grc' dir='ltr'>προσεῖναι</span> <span class='ocrx_word' id='word_1_264' title='bbox 562 4116 638 4164; x_wconf 81' lang='grc' dir='ltr'>δεῖ</span> <span class='ocrx_word' id='word_1_265' title='bbox 656 4112 727 4176; x_wconf 71' lang='grc' dir='ltr'>τιὸ</span> <span class='ocrx_word' id='word_1_266' title='bbox 749 4113 1019 4175; x_wconf 76' lang='grc' dir='ltr'>ἐπισκόπῳ.</span> 
     </span>
    </p>

    <p class='ocr_par' dir='ltr' id='par_1_19' title="bbox 293 4196 1460 4344">
     <span class='ocr_line' id='line_1_40' title="bbox 363 4196 1460 4261; baseline 0 -14"><span class='ocrx_word' id='word_1_267' title='bbox 363 4212 438 4247; x_wconf 83' lang='grc' dir='ltr'>ιι.</span> <span class='ocrx_word' id='word_1_268' title='bbox 505 4203 686 4261; x_wconf 81' lang='lat' dir='ltr'>oportet</span> <span class='ocrx_word' id='word_1_269' title='bbox 725 4212 836 4247; x_wconf 84' lang='lat' dir='ltr'>eum</span> <span class='ocrx_word' id='word_1_270' title='bbox 885 4196 1110 4259; x_wconf 84' lang='lat' dir='ltr'>retinere,</span> <span class='ocrx_word' id='word_1_271' title='bbox 1159 4197 1276 4261; x_wconf 73' lang='lat' dir='ltr'>&amp;cz-1</span> <span class='ocrx_word' id='word_1_272' title='bbox 1355 4198 1460 4250; x_wconf 88' lang='lat' dir='ltr'>Tit.</span> 
     </span>
     <span class='ocr_line' id='line_1_41' title="bbox 293 4278 861 4344; baseline -0.007 -15"><span class='ocrx_word' id='word_1_273' title='bbox 293 4279 326 4329; x_wconf 88' lang='lat' dir='ltr'>i.</span> <span class='ocrx_word' id='word_1_274' title='bbox 351 4294 382 4344; x_wconf 89' lang='lat'><strong>9</strong></span> <span class='ocrx_word' id='word_1_275' title='bbox 405 4278 472 4343; x_wconf 84' lang='lat' dir='ltr'>(q.</span> <span class='ocrx_word' id='word_1_276' title='bbox 499 4280 593 4341; x_wconf 88' lang='lat' dir='ltr'>v.).</span> <span class='ocrx_word' id='word_1_277' title='bbox 855 4310 861 4315; x_wconf 90' lang='lat'>-</span> 
     </span>
    </p>

    <p class='ocr_par' dir='ltr' id='par_1_20' title="bbox 294 4358 1460 4505">
     <span class='ocr_line' id='line_1_42' title="bbox 359 4358 1455 4423; baseline 0.003 -14"><span class='ocrx_word' id='word_1_278' title='bbox 359 4374 437 4409; x_wconf 78' lang='lat'>20.</span> <span class='ocrx_word' id='word_1_279' title='bbox 511 4359 846 4423; x_wconf 77' lang='lat' dir='ltr'>increpatione</span> <span class='ocrx_word' id='word_1_280' title='bbox 859 4358 1046 4423; x_wconf 78' lang='lat' dir='ltr'>fen&#39;at]</span> <span class='ocrx_word' id='word_1_281' title='bbox 1061 4400 1072 4419; x_wconf 70' lang='grc'><strong>,</strong></span> <span class='ocrx_word' id='word_1_282' title='bbox 1111 4359 1200 4410; x_wconf 85' lang='lat' dir='ltr'>Au</span> <span class='ocrx_word' id='word_1_283' title='bbox 1233 4361 1320 4411; x_wconf 87' lang='lat' dir='ltr'>the</span> <span class='ocrx_word' id='word_1_284' title='bbox 1353 4360 1455 4412; x_wconf 85' lang='lat' dir='ltr'>Gk.</span> 
     </span>
     <span class='ocr_line' id='line_1_43' title="bbox 294 4440 1460 4505; baseline 0.001 -14"><span class='ocrx_word' id='word_1_285' title='bbox 294 4440 571 4505; x_wconf 80' lang='lat' dir='ltr'>expositors</span> <span class='ocrx_word' id='word_1_286' title='bbox 593 4456 726 4491; x_wconf 86' lang='lat' dir='ltr'>seem</span> <span class='ocrx_word' id='word_1_287' title='bbox 751 4447 806 4490; x_wconf 88' lang='lat' dir='ltr'>to</span> <span class='ocrx_word' id='word_1_288' title='bbox 829 4440 956 4491; x_wconf 81' lang='lat' dir='ltr'>have</span> <span class='ocrx_word' id='word_1_289' title='bbox 977 4440 1284 4492; x_wconf 84' lang='lat' dir='ltr'>understood</span> <span class='ocrx_word' id='word_1_290' title='bbox 1307 4440 1460 4501; x_wconf 80' lang='grc' dir='ltr'>πλήκ-</span> 
     </span>
    </p>
   </div>
   <div class='ocr_carea' id='block_1_17' title="bbox 1145 3050 2134 3198">
    <p class='ocr_par' dir='ltr' id='par_1_21' title="bbox 1145 3050 2134 3198">
     <span class='ocr_line' id='line_1_44' title="bbox 1145 3050 1857 3117; baseline -0.001 -16"><span class='ocrx_word' id='word_1_291' title='bbox 1145 3066 1173 3101; x_wconf 74' lang='lat'>2</span> <span class='ocrx_word' id='word_1_292' title='bbox 1209 3050 1370 3101; x_wconf 86' lang='lat' dir='ltr'>solum</span> <span class='ocrx_word' id='word_1_293' title='bbox 1397 3050 1675 3117; x_wconf 64' lang='lat' dir='ltr'>(basilium)</span> <span class='ocrx_word' id='word_1_294' title='bbox 1703 3050 1809 3100; x_wconf 83' lang='lat' dir='ltr'>add</span> <span class='ocrx_word' id='word_1_295' title='bbox 1825 3067 1857 3100; x_wconf 85' lang='lat' dir='ltr'>r</span> 
     </span>
     <span class='ocr_line' id='line_1_45' title="bbox 1497 3130 2134 3198; baseline -0.002 -15"><span class='ocrx_word' id='word_1_296' title='bbox 1497 3148 1554 3183; x_wconf 78' lang='grc' dir='ltr'><strong>η</strong></span> <span class='ocrx_word' id='word_1_297' title='bbox 1588 3132 1841 3183; x_wconf 82' lang='lat' dir='ltr'>exhortari</span> <span class='ocrx_word' id='word_1_298' title='bbox 1869 3132 1915 3182; x_wconf 90' lang='lat' dir='ltr'><em>C</em></span> <span class='ocrx_word' id='word_1_299' title='bbox 1933 3130 2081 3198; x_wconf 81' lang='lat' dir='ltr'>(corr)</span> <span class='ocrx_word' id='word_1_300' title='bbox 2102 3149 2134 3182; x_wconf 85' lang='lat' dir='ltr'>r</span> 
     </span>
    </p>
   </div>
   <div class='ocr_carea' id='block_1_18' title="bbox 2118 3050 2719 3196">
    <p class='ocr_par' dir='ltr' id='par_1_22' title="bbox 2118 3050 2719 3196">
     <span class='ocr_line' id='line_1_46' title="bbox 2118 3050 2719 3117; baseline 0 -16"><span class='ocrx_word' id='word_1_301' title='bbox 2118 3050 2457 3117; x_wconf 81' lang='lat' dir='ltr'>4quiomH</span> <span class='ocrx_word' id='word_1_302' title='bbox 2690 3061 2719 3113; x_wconf 80' lang='lat'><strong>7</strong></span> 
     </span>
     <span class='ocr_line' id='line_1_47' title="bbox 2334 3132 2703 3196; baseline -0.005 -13"><span class='ocrx_word' id='word_1_303' title='bbox 2334 3144 2391 3196; x_wconf 84' lang='lat'>17</span> <span class='ocrx_word' id='word_1_304' title='bbox 2425 3134 2579 3183; x_wconf 87' lang='lat' dir='ltr'>inom</span> <span class='ocrx_word' id='word_1_305' title='bbox 2606 3132 2703 3182; x_wconf 85' lang='lat' dir='ltr'>Cr</span> 
     </span>
    </p>
   </div>
   <div class='ocr_carea' id='block_1_19' title="bbox 1557 3302 2724 4512">
    <p class='ocr_par' dir='ltr' id='par_1_23' title="bbox 1557 3302 2724 4512">
     <span class='ocr_line' id='line_1_48' title="bbox 1557 3302 2724 3370; baseline 0.003 -19"><span class='ocrx_word' id='word_1_306' title='bbox 1557 3322 1651 3365; x_wconf 79' lang='grc' dir='ltr'>την</span> <span class='ocrx_word' id='word_1_307' title='bbox 1694 3302 2133 3370; x_wconf 80' lang='lat' dir='ltr'>metaphorieally3</span> <span class='ocrx_word' id='word_1_308' title='bbox 2182 3304 2244 3355; x_wconf 85' lang='lat' dir='ltr'>cf.</span> <span class='ocrx_word' id='word_1_309' title='bbox 2282 3320 2379 3370; x_wconf 81' lang='lat' dir='ltr'>e.g.</span> <span class='ocrx_word' id='word_1_310' title='bbox 2418 3306 2539 3356; x_wconf 86' lang='lat' dir='ltr'>Oec.</span> <span class='ocrx_word' id='word_1_311' title='bbox 2576 3305 2724 3366; x_wconf 82' lang='lat' dir='ltr'>(aster</span> 
     </span>
     <span class='ocr_line' id='line_1_49' title="bbox 1560 3384 2723 3457; baseline 0 -20"><span class='ocrx_word' id='word_1_312' title='bbox 1560 3386 1795 3457; x_wconf 57' lang='lat' dir='ltr'>Chrys-l:</span> <span class='ocrx_word' id='word_1_313' title='bbox 1829 3389 1883 3436; x_wconf 79' lang='grc' dir='ltr'>οὐ</span> <span class='ocrx_word' id='word_1_314' title='bbox 1904 3388 1989 3437; x_wconf 82' lang='grc' dir='ltr'>τὸν</span> <span class='ocrx_word' id='word_1_315' title='bbox 2008 3390 2114 3438; x_wconf 72' lang='grc' dir='ltr'>ταῖς</span> <span class='ocrx_word' id='word_1_316' title='bbox 2144 3390 2313 3451; x_wconf 76' lang='grc' dir='ltr'>χερσὶν</span> <span class='ocrx_word' id='word_1_317' title='bbox 2337 3388 2561 3447; x_wconf 72' lang='grc' dir='ltr'>παίοντα,</span> <span class='ocrx_word' id='word_1_318' title='bbox 2590 3384 2723 3437; x_wconf 78' lang='grc' dir='ltr'>α’λλὰ</span> 
     </span>
     <span class='ocr_line' id='line_1_50' title="bbox 1558 3466 2722 3531; baseline -0.001 -13"><span class='ocrx_word' id='word_1_319' title='bbox 1558 3470 1647 3518; x_wconf 80' lang='grc' dir='ltr'>τὸν</span> <span class='ocrx_word' id='word_1_320' title='bbox 1666 3474 1756 3531; x_wconf 77' lang='grc' dir='ltr'>τὴν</span> <span class='ocrx_word' id='word_1_321' title='bbox 1778 3470 2043 3529; x_wconf 76' lang='grc' dir='ltr'>συνείδησιν</span> <span class='ocrx_word' id='word_1_322' title='bbox 2058 3467 2343 3531; x_wconf 73' lang='grc' dir='ltr'>πλὴντοντα</span> <span class='ocrx_word' id='word_1_323' title='bbox 2364 3466 2461 3518; x_wconf 73' lang='grc' dir='ltr'>τῶν</span> <span class='ocrx_word' id='word_1_324' title='bbox 2476 3468 2722 3529; x_wconf 80' lang='grc' dir='ltr'>ἀδελφῶν.</span> 
     </span>
     <span class='ocr_line' id='line_1_51' title="bbox 1561 3549 2721 3615; baseline -0.002 -14"><span class='ocrx_word' id='word_1_325' title='bbox 1561 3550 1677 3601; x_wconf 87' lang='lat' dir='ltr'>One</span> <span class='ocrx_word' id='word_1_326' title='bbox 1715 3551 1759 3600; x_wconf 90' lang='lat' dir='ltr'>is</span> <span class='ocrx_word' id='word_1_327' title='bbox 1793 3550 2045 3615; x_wconf 86' lang='lat' dir='ltr'>surprised</span> <span class='ocrx_word' id='word_1_328' title='bbox 2083 3558 2137 3601; x_wconf 90' lang='lat' dir='ltr'>to</span> <span class='ocrx_word' id='word_1_329' title='bbox 2174 3550 2279 3601; x_wconf 83' lang='lat' dir='ltr'>find</span> <span class='ocrx_word' id='word_1_330' title='bbox 2314 3550 2441 3601; x_wconf 85' lang='lat' dir='ltr'>both</span> <span class='ocrx_word' id='word_1_331' title='bbox 2475 3550 2574 3599; x_wconf 88' lang='lat' dir='ltr'>Th.</span> <span class='ocrx_word' id='word_1_332' title='bbox 2618 3549 2721 3612; x_wconf 77' lang='lat' dir='ltr'>and</span> 
     </span>
     <span class='ocr_line' id='line_1_52' title="bbox 1562 3630 2723 3697; baseline -0.003 -15"><span class='ocrx_word' id='word_1_333' title='bbox 1562 3632 1718 3682; x_wconf 90' lang='lat' dir='ltr'>Thdt.</span> <span class='ocrx_word' id='word_1_334' title='bbox 1759 3630 2024 3697; x_wconf 81' lang='lat' dir='ltr'>accepting</span> <span class='ocrx_word' id='word_1_335' title='bbox 2067 3631 2166 3681; x_wconf 85' lang='lat' dir='ltr'>this</span> <span class='ocrx_word' id='word_1_336' title='bbox 2209 3631 2529 3680; x_wconf 80' lang='lat' dir='ltr'>non-natural</span> <span class='ocrx_word' id='word_1_337' title='bbox 2572 3630 2723 3680; x_wconf 89' lang='lat' dir='ltr'>inter-</span> 
     </span>
     <span class='ocr_line' id='line_1_53' title="bbox 1562 3712 2723 3779; baseline -0.002 -16"><span class='ocrx_word' id='word_1_338' title='bbox 1562 3714 1969 3779; x_wconf 87' lang='lat' dir='ltr'>pretation-—the</span> <span class='ocrx_word' id='word_1_339' title='bbox 2003 3730 2142 3765; x_wconf 86' lang='lat' dir='ltr'>more</span> <span class='ocrx_word' id='word_1_340' title='bbox 2174 3729 2247 3773; x_wconf 84' lang='lat' dir='ltr'>so,</span> <span class='ocrx_word' id='word_1_341' title='bbox 2285 3713 2423 3763; x_wconf 87' lang='lat' dir='ltr'>since</span> <span class='ocrx_word' id='word_1_342' title='bbox 2457 3713 2574 3777; x_wconf 86' lang='lat' dir='ltr'>they</span> <span class='ocrx_word' id='word_1_343' title='bbox 2596 3712 2723 3762; x_wconf 88' lang='lat' dir='ltr'>both</span> 
     </span>
     <span class='ocr_line' id='line_1_54' title="bbox 1562 3794 2721 3859; baseline -0.002 -14"><span class='ocrx_word' id='word_1_344' title='bbox 1562 3810 1647 3845; x_wconf 89' lang='lat' dir='ltr'>see</span> <span class='ocrx_word' id='word_1_345' title='bbox 1680 3794 1767 3844; x_wconf 88' lang='lat' dir='ltr'>the</span> <span class='ocrx_word' id='word_1_346' title='bbox 1805 3794 2050 3859; x_wconf 81' lang='lat' dir='ltr'>difficulty</span> <span class='ocrx_word' id='word_1_347' title='bbox 2080 3794 2250 3845; x_wconf 80' lang='lat' dir='ltr'>which</span> <span class='ocrx_word' id='word_1_348' title='bbox 2294 3794 2335 3844; x_wconf 89' lang='lat' dir='ltr'>it</span> <span class='ocrx_word' id='word_1_349' title='bbox 2372 3802 2583 3851; x_wconf 81' lang='lat' dir='ltr'>creates3</span> <span class='ocrx_word' id='word_1_350' title='bbox 2634 3794 2721 3843; x_wconf 89' lang='lat' dir='ltr'>the</span> 
     </span>
     <span class='ocr_line' id='line_1_55' title="bbox 1560 3872 2721 3941; baseline 0 -16"><span class='ocrx_word' id='word_1_351' title='bbox 1560 3876 1711 3926; x_wconf 78' lang='lat' dir='ltr'>latter</span> <span class='ocrx_word' id='word_1_352' title='bbox 1752 3876 2009 3941; x_wconf 85' lang='lat' dir='ltr'>explains:</span> <span class='ocrx_word' id='word_1_353' title='bbox 2052 3880 2109 3927; x_wconf 77' lang='grc' dir='ltr'>οὐ</span> <span class='ocrx_word' id='word_1_354' title='bbox 2150 3879 2209 3927; x_wconf 80' lang='grc' dir='ltr'>τὸ</span> <span class='ocrx_word' id='word_1_355' title='bbox 2248 3872 2477 3937; x_wconf 71' lang='grc' dir='ltr'>ἐπιτιμᾷν</span> <span class='ocrx_word' id='word_1_356' title='bbox 2516 3878 2581 3925; x_wconf 74' lang='grc' dir='ltr'>εἰς</span> <span class='ocrx_word' id='word_1_357' title='bbox 2618 3892 2721 3926; x_wconf 81' lang='grc' dir='ltr'>και-</span> 
     </span>
     <span class='ocr_line' id='line_1_56' title="bbox 1559 3956 2723 4021; baseline 0.002 -14"><span class='ocrx_word' id='word_1_358' title='bbox 1559 3960 1646 4021; x_wconf 84' lang='grc' dir='ltr'>ρὸν</span> <span class='ocrx_word' id='word_1_359' title='bbox 1682 3960 1882 4020; x_wconf 78' lang='grc' dir='ltr'>κελεύει,</span> <span class='ocrx_word' id='word_1_360' title='bbox 1921 3956 2051 4009; x_wconf 75' lang='grc' dir='ltr'>ἀλλὰ</span> <span class='ocrx_word' id='word_1_361' title='bbox 2093 3960 2151 4009; x_wconf 78' lang='grc' dir='ltr'>τὸ</span> <span class='ocrx_word' id='word_1_362' title='bbox 2182 3961 2259 4020; x_wconf 77' lang='grc' dir='ltr'>μὴ</span> <span class='ocrx_word' id='word_1_363' title='bbox 2294 3960 2545 4009; x_wconf 76' lang='grc' dir='ltr'>δεόντως</span> <span class='ocrx_word' id='word_1_364' title='bbox 2574 3956 2723 4009; x_wconf 70' lang='grc' dir='ltr'>τοῦτο</span> 
     </span>
     <span class='ocr_line' id='line_1_57' title="bbox 1560 4041 2723 4107; baseline 0.003 -18"><span class='ocrx_word' id='word_1_365' title='bbox 1560 4042 1727 4091; x_wconf 74' lang='grc' dir='ltr'>ποιεῖν.</span> <span class='ocrx_word' id='word_1_366' title='bbox 1801 4042 1995 4107; x_wconf 89' lang='lat' dir='ltr'>Thpht.</span> <span class='ocrx_word' id='word_1_367' title='bbox 2018 4058 2085 4092; x_wconf 87' lang='lat' dir='ltr'>on</span> <span class='ocrx_word' id='word_1_368' title='bbox 2109 4042 2213 4092; x_wconf 89' lang='lat' dir='ltr'>Tit.</span> <span class='ocrx_word' id='word_1_369' title='bbox 2236 4042 2271 4091; x_wconf 89' lang='lat' dir='ltr'>i.</span> <span class='ocrx_word' id='word_1_370' title='bbox 2299 4054 2326 4106; x_wconf 86' lang='lat'>7</span> <span class='ocrx_word' id='word_1_371' title='bbox 2352 4043 2604 4092; x_wconf 83' lang='lat' dir='ltr'>mentions</span> <span class='ocrx_word' id='word_1_372' title='bbox 2634 4041 2723 4092; x_wconf 88' lang='lat' dir='ltr'>the</span> 
     </span>
     <span class='ocr_line' id='line_1_58' title="bbox 1559 4118 2722 4185; baseline 0.001 -18"><span class='ocrx_word' id='word_1_373' title='bbox 1559 4118 1781 4184; x_wconf 83' lang='lat' dir='ltr'>primary</span> <span class='ocrx_word' id='word_1_374' title='bbox 1806 4135 1951 4169; x_wconf 87' lang='lat' dir='ltr'>sense</span> <span class='ocrx_word' id='word_1_375' title='bbox 1984 4119 2043 4169; x_wconf 81' lang='lat' dir='ltr'>of</span> <span class='ocrx_word' id='word_1_376' title='bbox 2068 4118 2293 4181; x_wconf 82' lang='grc' dir='ltr'>πλήκτην</span> <span class='ocrx_word' id='word_1_377' title='bbox 2304 4138 2320 4182; x_wconf 85' lang='grc'><strong>;</strong></span> <span class='ocrx_word' id='word_1_378' title='bbox 2361 4120 2430 4170; x_wconf 85' lang='lat' dir='ltr'>ef.</span> <span class='ocrx_word' id='word_1_379' title='bbox 2450 4119 2722 4185; x_wconf 87' lang='lat' dir='ltr'>Justinian.</span> 
     </span>
     <span class='ocr_line' id='line_1_59' title="bbox 1559 4202 2723 4267; baseline 0.002 -17"><span class='ocrx_word' id='word_1_380' title='bbox 1559 4202 1741 4251; x_wconf 84' lang='lat' dir='ltr'>nouell.</span> <span class='ocrx_word' id='word_1_381' title='bbox 1771 4217 1827 4251; x_wconf 82' lang='lat'>12</span> <span class='ocrx_word' id='word_1_382' title='bbox 1833 4218 1862 4265; x_wconf 84' lang='lat'>3</span> <span class='ocrx_word' id='word_1_383' title='bbox 1889 4202 2101 4263; x_wconf 87' lang='lat' dir='ltr'>(Suicer‚</span> <span class='ocrx_word' id='word_1_384' title='bbox 2123 4219 2165 4253; x_wconf 85' lang='lat' dir='ltr'>s.</span> <span class='ocrx_word' id='word_1_385' title='bbox 2186 4205 2273 4265; x_wconf 83' lang='lat' dir='ltr'>v.).</span> <span class='ocrx_word' id='word_1_386' title='bbox 2330 4202 2562 4267; x_wconf 79' lang='lat' dir='ltr'>Pelagius</span> <span class='ocrx_word' id='word_1_387' title='bbox 2583 4202 2723 4266; x_wconf 82' lang='lat' dir='ltr'>gives</span> 
     </span>
     <span class='ocr_line' id='line_1_60' title="bbox 1560 4278 2723 4342; baseline 0.003 -16"><span class='ocrx_word' id='word_1_388' title='bbox 1560 4278 1600 4327; x_wconf 92' lang='lat' dir='ltr'>it</span> <span class='ocrx_word' id='word_1_389' title='bbox 1622 4293 1678 4327; x_wconf 84' lang='lat' dir='ltr'>as</span> <span class='ocrx_word' id='word_1_390' title='bbox 1700 4278 1916 4329; x_wconf 83' lang='lat' dir='ltr'>thefirst</span> <span class='ocrx_word' id='word_1_391' title='bbox 1946 4280 2005 4330; x_wconf 86' lang='lat' dir='ltr'>of</span> <span class='ocrx_word' id='word_1_392' title='bbox 2030 4288 2131 4331; x_wconf 89' lang='lat' dir='ltr'>two</span> <span class='ocrx_word' id='word_1_393' title='bbox 2162 4282 2498 4342; x_wconf 85' lang='lat' dir='ltr'>altematives,</span> <span class='ocrx_word' id='word_1_394' title='bbox 2526 4280 2627 4329; x_wconf 84' lang='lat' dir='ltr'>and</span> <span class='ocrx_word' id='word_1_395' title='bbox 2656 4280 2723 4329; x_wconf 88' lang='lat' dir='ltr'>he</span> 
     </span>
     <span class='ocr_line' id='line_1_61' title="bbox 1560 4359 2655 4427; baseline 0 -17"><span class='ocrx_word' id='word_1_396' title='bbox 1560 4360 1603 4411; x_wconf 87' lang='lat' dir='ltr'>is</span> <span class='ocrx_word' id='word_1_397' title='bbox 1633 4359 1868 4412; x_wconf 82' lang='lat' dir='ltr'>followed</span> <span class='ocrx_word' id='word_1_398' title='bbox 1896 4363 1963 4427; x_wconf 86' lang='lat' dir='ltr'>by</span> <span class='ocrx_word' id='word_1_399' title='bbox 1988 4364 2255 4415; x_wconf 82' lang='lat' dir='ltr'>Primasius</span> <span class='ocrx_word' id='word_1_400' title='bbox 2277 4365 2379 4415; x_wconf 84' lang='lat' dir='ltr'>and</span> <span class='ocrx_word' id='word_1_401' title='bbox 2404 4362 2655 4414; x_wconf 88' lang='lat' dir='ltr'>Sedulius.</span> 
     </span>
     <span class='ocr_line' id='line_1_62' title="bbox 1625 4442 2720 4512; baseline -0.002 -19"><span class='ocrx_word' id='word_1_402' title='bbox 1625 4458 1706 4494; x_wconf 68' lang='grc' dir='ltr'>αα.</span> <span class='ocrx_word' id='word_1_403' title='bbox 1775 4444 1833 4494; x_wconf 79' lang='lat' dir='ltr'>in</span> <span class='ocrx_word' id='word_1_404' title='bbox 1866 4448 2077 4495; x_wconf 84' lang='lat' dir='ltr'>secunda</span> <span class='ocrx_word' id='word_1_405' title='bbox 2108 4446 2325 4512; x_wconf 48' lang='lat' dir='ltr'>epistola]</span> <span class='ocrx_word' id='word_1_406' title='bbox 2350 4462 2377 4495; x_wconf 83' lang='lat'>2</span> <span class='ocrx_word' id='word_1_407' title='bbox 2402 4445 2536 4495; x_wconf 89' lang='lat' dir='ltr'>Tim.</span> <span class='ocrx_word' id='word_1_408' title='bbox 2562 4442 2614 4492; x_wconf 83' lang='lat' dir='ltr'>ii.</span> <span class='ocrx_word' id='word_1_409' title='bbox 2642 4458 2720 4505; x_wconf 82' lang='lat'>24,</span> 
     </span>
    </p>
   </div>
   <div class='ocr_carea' id='block_1_20' title="bbox 2746 2058 2817 2126">
    <p class='ocr_par' dir='ltr' id='par_1_24' title="bbox 2746 2058 2817 2126">
     <span class='ocr_line' id='line_1_63' title="bbox 2746 2058 2817 2126; baseline 0 0"><span class='ocrx_word' id='word_1_410' title='bbox 2746 2058 2817 2126; x_wconf 82' lang='lat'>15</span> 
     </span>
    </p>
   </div>
  </div>
 </body>
</html>
