3250 5025
556 406 687 473 324
1506 399 1894 451 APPEme
1938 399 2002 450 A.

552 576 831 654 neganda
856 586 949 636 est
976 574 1280 652 utriusque
1308 572 1652 653 proprietas.
1741 583 1802 634 et
1829 570 1970 633 alibi
1999 573 2078 634 de
2105 573 2234 635 uiro
2263 585 2322 635 et
2359 596 2543 638 uxore
2577 580 2971 655 pronuntians

551 673 664 734 ait:
704 675 825 733 iam
852 692 965 733 non
993 680 1134 732 sunt
1156 674 1285 746 duo,
1314 674 1418 732 sed
1437 691 1559 731 una
1585 669 1804 742 caro*,·
1844 671 1952 732 sed
1979 690 2104 730 non
2134 671 2273 748 quia
2300 693 2422 732 una
2449 694 2588 735 caro
2609 676 2702 737 uir
2721 689 2782 739 et
2803 699 2968 755 uxor,

552 769 671 830 iam
700 790 825 831 non
854 782 991 831 sunt
1020 772 1164 844 du0,
1187 780 1437 830 manent
1464 769 1624 830 enim
1653 770 1775 829 duo
1803 768 1966 829 iuxta
1993 770 2156 846 quod
2188 771 2310 832 duo
2339 782 2493 845 sunt,
2519 785 2580 834 et
2601 794 2788 836 unum
2807 776 2972 838 iuxta

551 869 715 944 quod
743 887 945 928 unum.
1034 870 1363 930 secundum
1390 871 1554 930 hunc
1581 869 1832 928 modum
1864 878 1922 929 et
1951 868 2048 928 hic
2075 869 2199 930 duo
2229 882 2366 930 sunt
2395 882 2620 946 natura,
2645 875 2752 934 sed
2781 895 2970 936 unum

487 975 521 1038 5
552 962 973 1026 coniunctione
982 987 1000 1042 ς
1050 965 1172 1027 duo
1209 977 1433 1036 natura,
1466 963 1607 1043 quia
1645 966 1834 1025 multa
1864 977 2206 1025 naturarum
2237 965 2550 1029 diuersitas
2574 990 2591 1043 3
2646 971 2752 1029 sed
2779 991 2969 1031 unum

549 1062 993 1136 coniunctione,
1041 1063 1182 1141 quia
1223 1062 1543 1124 indiuisam
1591 1062 2040 1123 uenerationem
2085 1064 2251 1140 quod
2299 1077 2642 1142 susceptum
2690 1079 2780 1128 est
2829 1088 2966 1128 cum

550 1156 912 1236 suscipiente
944 1159 1197 1230 sortitur,
1229 1161 1395 1220 uelut
1436 1160 1728 1235 templum
1771 1159 1897 1220 eius
1938 1157 2314 1219 indiuiduum
2357 1180 2756 1238 perseuerans·
2845 1184 2970 1225 om-

548 1253 653 1315 nia
691 1255 851 1316 enim
909 1275 1325 1334 quaecumque
1379 1257 1504 1316 duo
1558 1254 1842 1317 dicuntur
1895 1267 2040 1316 tunc
2094 1257 2352 1317 duorum
2407 1258 2720 1321 continent
2773 1281 2966 1333 usum,

548 1354 795 1430 quando
822 1355 1071 1415 alterum
1101 1353 1266 1414 alteri
1280 1353 1635 1415 indifferens
1663 1353 1924 1415 creditur
1951 1355 2110 1415 iuxta
2139 1355 2303 1432 quod
2325 1357 2577 1417 duorum
2607 1359 2968 1419 uocabulum

449 1472 524 1513 10
548 1449 1263 1528 connumerationemque
1312 1449 1564 1511 sortitur.
1651 1449 1820 1511 uerbi
1867 1450 2069 1527 gratia,
2122 1461 2402 1528 quattuor
2443 1451 2710 1527 bestias†
2761 1453 2970 1514 diuina

549 1549 835 1628 scriptura
891 1560 1340 1623 commemorat,
1400 1568 1621 1623 ursum,
1685 1550 1959 1626 pardum,
2011 1550 2268 1623 leonem,
2317 1560 2378 1610 et
2431 1550 2608 1610 aliam
2657 1570 2814 1628 quae
2857 1552 2967 1611 has

546 1645 919 1709 immanitate
954 1650 1273 1726 praecellat
1283 1671 1301 1725 3
1344 1659 1404 1709 et
1440 1647 1578 1710 ideo
1618 1659 1758 1709 sunt
1795 1657 2088 1726 quattuor,
2129 1647 2296 1724 quod
2343 1667 2740 1726 unaquaeque
2777 1649 2971 1710 bestia

546 1744 695 1806 nihil
738 1747 935 1808 minus
982 1747 1147 1808 iuxta
1194 1746 1589 1808 substantiam
1650 1747 1888 1824 reliquis
1955 1744 2157 1808 bestiis
2213 1749 2639 1824 comprobatur
2695 1746 2963 1810 existere.

546 1845 794 1903 duorum
852 1843 1092 1925 (inquit)
1148 1847 1446 1906 hominum
1500 1846 1883 1905 testimonium
1941 1864 2138 1903 uerum
2181 1844 2322 1921 estss,
2370 1845 2511 1922 quia
2551 1846 2671 1905 hoc
2713 1856 2966 1924 uterque

449 1957 518 2019 15
548 1949 758 1999 natura
788 1941 955 2016 quod
992 1943 1140 2002 alter
1174 1951 1277 2002 est.
1365 1939 1452 2002 sic
1488 1952 1550 2002 et
1578 1941 1753 2002 illud:
1795 1960 1956 2000 nemo
1969 1948 2155 2017 potest
2180 1943 2398 2001 duobus
2423 1943 2669 2001 dominis
2695 1945 2964 2019 seraing,

547 2036 689 2114 quia
728 2039 1035 2116 praebenti
1092 2039 1397 2101 seruitium
1456 2051 1764 2117 tamquam
1817 2039 2067 2101 domino
2120 2038 2266 2099 nihil
2321 2041 2518 2102 minus
2571 2053 2820 2121 uterque
2876 2055 2966 2104 est

547 2132 845 2196 dominus,
931 2135 1014 2196 ita
1068 2147 1130 2197 et
1184 2136 1297 2198 hic.
1378 2137 1429 2197 si
1482 2148 1734 2215 uterque
1779 2137 2110 2198 secundum
2155 2136 2550 2198 substantiam
2599 2151 2759 2202 esset
2811 2139 2966 2202 filius

548 2239 609 2292 et
636 2231 931 2309 dominus,
964 2245 1211 2311 possent
1243 2234 1446 2312 aliquo
1484 2237 1672 2296 modo
1706 2236 1829 2296 duo
1867 2234 1971 2294 filii
2009 2244 2071 2296 et
2112 2233 2341 2295 domini
2384 2236 2730 2314 nuncupari,
2763 2257 2966 2298 secun-

547 2329 693 2388 dum
752 2349 1069 2392 numerum
1125 2352 1526 2409 personarum.
1632 2332 1918 2411 quoniam
1975 2351 2121 2393 uero
2177 2331 2276 2393 hic
2331 2333 2577 2410 quidem
2633 2337 2966 2396 secundum

445 2445 521 2486 20
546 2429 941 2490 substantiam
970 2429 1125 2491 filius
1152 2429 1346 2492 existit
1373 2442 1435 2491 et
1463 2430 1758 2506 dominus,
1790 2429 1888 2491 hic
1915 2442 2114 2491 autem
2145 2432 2478 2492 secundum
2507 2433 2822 2493 essentiam
2853 2454 2968 2494 nec

546 2524 701 2587 filius
757 2546 871 2588 nec
912 2526 1191 2589 dominus
1234 2530 1612 2606 adprobatur,
1659 2527 2082 2590 coniunctione
2123 2548 2269 2589 uero
2310 2550 2465 2607 quae
2514 2530 2568 2592 ei
2623 2532 2780 2591 facta
2827 2551 2964 2591 curn

546 2624 652 2685 illo
686 2636 775 2686 est
816 2624 1050 2686 hisdem
1090 2625 1475 2704 participasse
1516 2626 1912 2703 cognoscitur,
1947 2626 2172 2687 idcirco
2209 2647 2394 2687 unum
2437 2628 2622 2688 filium
2673 2639 2732 2689 et
2779 2627 2970 2689 domi·

547 2743 693 2784 num
720 2723 975 2784 dicimus
984 2746 1000 2798 3
1042 2723 1443 2801 principaliter
1468 2724 1714 2801 quidem
1742 2724 2152 2801 intellegentes
2182 2743 2318 2784 eum
2347 2724 2534 2784 filium
2563 2736 2622 2785 et
2650 2723 2967 2785 dominum

549 2820 657 2898 qui
686 2823 1015 2882 secundum
1045 2821 1434 2883 substantiam
1466 2834 1784 2899 utrumque
1813 2840 1949 2882 uere
1979 2840 2110 2881 esse
2138 2821 2396 2881 creditur
2424 2831 2482 2880 et
2510 2832 2774 2893 uocatur,
2807 2840 2970 2881 com-

445 2927 518 2989 25
546 2918 876 2994 plectentes
916 2927 1119 2977 autem
1160 2917 1521 2996 cogitatione
1554 2928 1615 2978 et
1653 2917 1820 2976 illum
1858 2916 1960 2993 qui
1988 2914 2451 2991 inseparabiliter
2479 2913 2534 2974 ei
2563 2912 2962 2991 coniungitur,

544 3026 608 3076 et
634 3034 739 3093 per
764 3012 1126 3075 ineffabilem
1154 3034 1295 3075 cum
1323 3034 1399 3075 eo
1425 3016 1708 3092 copulam
1738 3024 1798 3073 et
1825 3012 1930 3071 filii
1958 3022 2018 3072 et
2038 3010 2268 3072 domini
2286 3010 2580 3088 particeps
2597 3010 2958 3071 aestimatur.

666 3112 868 3189 itaque
895 3113 1086 3174 sicubi
1104 3112 1289 3173 filium
1318 3114 1479 3173 hunc
1506 3112 1609 3189 qui
1637 3122 1910 3189 sumptus
1937 3121 2029 3171 est
2056 3109 2262 3170 diuina
2289 3108 2577 3186 scriptura
2603 3128 2969 3171 commemo-

544 3220 651 3284 rat,
677 3208 963 3271 relatione
991 3208 1365 3289 suscipientis
1394 3208 1557 3271 iuxta
1582 3208 1876 3269 unitatem
1912 3206 2169 3267 dicimus
2206 3224 2346 3266 eum
2383 3205 2568 3265 filium
2612 3206 2962 3282 nuncupari.

546 3348 687 3390 cum
736 3328 897 3391 enim
941 3330 1115 3392 dicit:
1164 3332 1234 3390 de
1260 3330 1398 3409 filio
1447 3350 1549 3390 suo
1602 3330 1712 3406 qui
1801 3327 2046 3405 quando
2084 3326 2244 3387 enim
2286 3325 2458 3387 dicit:
2501 3326 2712 3401 defilt'o
2737 3346 2839 3386 suo
2863 3331 2974 3403 qui

440 3439 521 3500 30
526 3428 733 3503 factus
755 3436 840 3487 est
861 3430 920 3487 ei
938 3447 1010 3487 ax
1036 3429 1243 3488 semine
1268 3430 1489 3488 Dauid
1519 3447 1708 3488 secun-
1781 3427 1985 3501 sactus
2009 3434 2093 3485 est
2112 3446 2186 3485 ex
2211 3426 2422 3484 semine
2430 3426 2650 3483 Dauid
2661 3426 2964 3484 secundum

546 3527 684 3585 dum
720 3528 998 3603 camerali»
1042 3546 1166 3588 non
1205 3527 1407 3588 Deum
1436 3528 1706 3587 Verbum
1801 3544 2043 3595 carnem,
2081 3541 2206 3583 non
2253 3524 2447 3582 Deum
2490 3520 2634 3581 dicit
2677 3522 2963 3596 Verbum,

548 3624 711 3701 dicit,
740 3625 851 3685 sed
878 3626 1130 3687 formam
1157 3625 1309 3686 serui
1346 3638 1700 3703 susceptam.
1803 3624 1910 3683 sed
1938 3624 2315 3699 adsumptam
2345 3620 2500 3680 serui
2528 3621 2796 3680 formam.
2851 3639 2966 3681 nec

544 3742 671 3783 non
704 3723 867 3785 enim
910 3726 1079 3785 Deus
1111 3736 1203 3785 est
1237 3726 1537 3785 secundum
1586 3744 1710 3784 car·
1805 3720 1968 3781 enim
2009 3722 2173 3780 Deus
2217 3721 2515 3779 secundum
2559 3737 2805 3791 carnem,
2849 3737 2966 3779 nec

546 3842 693 3899 nem,
748 3842 863 3883 nec
913 3823 1083 3884 Deus
1119 3843 1193 3882 ex
1234 3825 1442 3883 semine
1493 3823 1716 3881 Dauid
1805 3820 1972 3879 Deus
1992 3839 2063 3878 ex
2082 3819 2289 3877 semine
2291 3818 2496 3893 factus
2510 3826 2595 3876 est
2604 3817 2834 3890 Dauid,
2857 3818 2965 3877 sed

442 3932 519 3994 35
528 3922 732 4000 sactus
793 3930 892 3997 est,
960 3941 1141 3999 quem
1200 3920 1435 3980 ‘filium‘
1492 3921 1706 3981 beatus
1804 3928 2078 3995 sumptus
2133 3936 2244 3994 pro
2300 3915 2476 3976 nobis
2533 3916 2735 3987 hom0‚
2783 3934 2966 3991 quem

492 4086 497 4091 ,
548 4023 767 4082 Paulus
795 4019 1102 4082 euidenter
1128 4020 1405 4097 adpellat.
1804 4015 1990 4075 filium
2039 4016 2249 4075 beatus
2293 4016 2602 4092 apostolus
2651 4012 2968 4075 manifeste

1805 4124 1999 4175 uocat.

643 4231 673 4267 ἰ
706 4217 796 4269 sed
820 4232 922 4267 una
948 4232 1064 4268 caro
1093 4216 1191 4281 (ast
1210 4222 1326 4267 sunt
1347 4216 1467 4276 duo)
1491 4214 1596 4265 add
1612 4214 1642 4263 b
1905 4224 1934 4275 5
1969 4212 2127 4262 multa
2152 4228 2232 4262 om
2251 4228 2294 4276 g
2543 4210 2602 4262 16
2631 4211 2916 4276 praebentis
2931 4230 2978 4278 g

548 4309 607 4353 αι
641 4298 715 4351 illi
748 4299 864 4366 (for
882 4298 950 4365 ei)
974 4299 1003 4348 b
1312 4315 1374 4360 ²4
1408 4299 1650 4364 probatur
1667 4296 1780 4362 (sor
1797 4292 1932 4358 uoc.)
1943 4309 1988 4359 g
2287 4290 2350 4343 26
2372 4300 2422 4342 et
2445 4290 2556 4357 (τ’.)
2579 4308 2666 4342 om
2687 4293 2716 4341 b
2745 4290 2754 4357 Ι
2779 4299 2833 4343 et
2851 4290 2969 4359 (3⁰.)

544 4398 625 4435 om
638 4398 685 4449 g·
875 4395 931 4445 31
958 4382 1185 4433 nondum
1204 4380 1337 4431 codd.

646 4463 675 4491 ⁹
711 4464 763 4516 S.
794 4464 943 4515 Mart.
969 4464 1069 4513 xix.
1093 4461 1139 4514 6.
1254 4462 1290 4519 Ἰ-
1320 4464 1479 4529 [Dan.
1509 4462 1593 4513 vii.
1620 4478 1649 4529 3
1671 4460 1764 4529 sq.]
1870 4462 1904 4520 Σ
1939 4457 2146 4529 S-John
2169 4458 2273 4507 viii.
2297 4470 2373 4521 17.
2472 4458 2500 4521 3
2535 4458 2592 4508 S.
2615 4458 2768 4508 Mart.
2787 4459 2856 4507 vi.
2882 4471 2968 4525 24.

546 4548 569 4605 ΙΙ
606 4544 757 4594 Rom.
784 4543 821 4592 i.
846 4558 895 4613 3.
