3250 5025
1067 324 1149 374 IN
1200 324 1303 375 ΕΡ.
1349 324 1451 374 ΑΙ)
1502 324 2030 375 PHILEMONEM.
2645 314 2764 393 265

349 497 745 580 specialibus
789 497 1050 579 scriptis
1092 497 1327 560 similis
1370 496 1585 559 honor
1626 516 1667 559 a
1714 495 1922 559 Paulo
1960 503 2028 558 et
2070 495 2227 559 uiris
2273 503 2339 559 et
2387 496 2773 559 mulieribus

351 602 763 684 praebeatur,
814 600 965 663 licet
1026 601 1093 663 in
1147 601 1485 663 communi
1531 599 1849 663 ecclesiae
1895 599 2125 661 ordine
2174 619 2292 680 pro
2347 598 2492 681 ipsa
2534 598 2774 661 hones-

352 712 493 766 tate
545 714 613 767 et
659 705 891 767 ordine
938 705 1199 768 decenti
1245 706 1541 768 secundo
1594 706 1661 767 in
1718 704 1863 767 loco
1917 702 2080 765 uelit
2133 722 2246 765 eas
2307 723 2450 765 esse
2510 711 2578 765 et
2641 721 2772 763 non

351 811 595 873 debere
656 828 973 889 usurpare
1032 806 1181 869 illas
1241 827 1439 888 agere
1485 806 1860 870 functiones
1913 826 2079 888 quas
2125 806 2248 868 uiri
2300 825 2498 886 agere
2543 805 2776 867 uiden-

353 919 475 975 tur.
596 912 971 992 specialiter
1029 930 1189 972 uero
1264 900 1557 974 scribens
1633 919 1968 991 exaequat
2027 930 2141 972 eas
2204 912 2268 971 in
2329 909 2581 972 honore
2639 908 2776 970 suis

355 1016 555 1091 uiris;
604 1016 784 1097 quod
818 1023 884 1095 et
919 1012 1281 1076 Corinthiis
1330 1034 1529 1095 super
1575 1012 1703 1075 hoc
1749 1014 2039 1076 scribens
2095 1012 2324 1076 fecisse
2370 1013 2648 1088 uidetur,
2684 1012 2777 1073 ita

355 1128 429 1182 ut
471 1139 603 1181 non
652 1119 959 1179 uideatur
1002 1116 1571 1197 contemplatione
1616 1116 1865 1177 ordinis
1902 1114 2038 1197 [eas
2073 1114 2508 1198 exaequasse]
2532 1138 2547 1193 ;
2593 1117 2778 1179 deni—

356 1242 487 1304 que
517 1222 760 1308 adiecit
786 1244 801 1285 :
846 1230 1289 1283 uerumtamen
1320 1240 1515 1301 neque
1544 1219 1660 1283 uir
1693 1220 1834 1282 sine
1862 1218 2128 1282 muliere
2155 1241 2348 1301 neque
2379 1220 2617 1282 mulier
2641 1218 2780 1281 sine

356 1325 503 1388 uiro
557 1325 625 1386 in
678 1324 979 1387 Domina.
1066 1322 1193 1385 hoc
1239 1342 1397 1384 uero
1444 1324 1511 1385 in
1558 1321 1706 1385 loco
1753 1324 1900 1404 quis
1949 1322 2183 1385 melius
2229 1321 2393 1385 haec
2443 1325 2586 1405 ipsa
2623 1345 2778 1406 cog-

357 1450 626 1492 noscere
658 1430 919 1511 poterit,
951 1448 1103 1489 cum
1136 1427 1511 1489 consideret
1556 1426 1830 1489 beatum
1880 1426 2159 1489 Paulum
2203 1446 2354 1489 cum
2392 1427 2778 1490 Philemone

356 1536 560 1598 etiam
594 1535 733 1595 eius
765 1552 1045 1596 uxorem
1080 1533 1146 1594 in
1178 1532 1313 1594 suis
1352 1532 1613 1613 scriptis
1663 1532 1728 1592 in
1764 1531 2173 1613 praefatione
2216 1532 2531 1612 posuisse.

491 1638 645 1699 licet
675 1656 833 1698 uero
864 1634 1245 1697 uolentibus
1285 1632 1736 1696 humilitatem
1768 1632 2054 1715 apostoli
2088 1635 2502 1715 praespicere
2533 1656 2622 1698 ex
2654 1634 2780 1699 hac

358 1742 503 1823 ipsa
535 1738 839 1821 epistola,
870 1740 1044 1802 sicut
1088 1759 1221 1801 non
1254 1739 1387 1801 cito
1420 1738 1578 1801 alibi
1611 1739 2085 1819 praespicitur;
2133 1758 2286 1801 nam
2333 1740 2398 1801 in
2450 1741 2780 1821 praesenti

360 1843 643 1927 epistola
673 1844 821 1925 quis
852 1843 945 1905 sic
988 1842 1561 1905 insuadibilis‘aut
1603 1843 1902 1905 animum
1941 1842 2194 1905 habens
2237 1844 2619 1905 induratum
2666 1844 2780 1925 qui

359 1967 493 2009 non
536 1947 915 2020 demiretur,
952 1946 1231 2010 Paulum
1278 1955 1419 2009 tam
1465 1967 1786 2029 magnum
1834 1955 1901 2009 et
1946 1949 2368 2029 perspicuum
2402 1968 2520 2029 per
2557 1948 2789 2023 omnia,

359 2060 707 2114 extantem
756 2059 823 2112 et
864 2049 1223 2111 uirtutibus
1274 2049 1545 2130 pietatis
1594 2049 1904 2111 omnibus
1958 2051 2442 2130 propemodum
2498 2049 2782 2111 homini-

360 2155 484 2217 bus
532 2152 1043 2235 praecellentem
1086 2154 1321 2216 uidens
1362 2152 1689 2233 discipulo
1721 2174 1842 2214 suo
1880 2173 2031 2214 cum
2071 2161 2262 2214 tanta
2301 2153 2584 2216 scribere
2625 2174 2782 2235 sup-

362 2260 718 2343 plicatione
770 2257 860 2319 ob
911 2256 1361 2337 praebendam
1410 2276 1605 2317 seruo
1649 2254 1964 2317 ueniam?
2017 2263 2084 2317 et
2136 2253 2263 2317 hoc
2301 2274 2432 2317 non
2475 2255 2782 2336 apostolo

358 2366 691 2428 existente
737 2360 852 2422 sed
918 2359 1060 2420 uiro
1120 2356 1299 2419 fideli
1360 2366 1429 2419 et
1491 2357 1784 2419 moribus
1833 2367 2086 2431 ornat0,
2135 2377 2558 2421 communem
2608 2357 2784 2423 hanc

360 2474 738 2550 exequente
772 2465 1003 2541 uitam,
1036 2464 1207 2526 sicut
1245 2472 1344 2526 est
1386 2462 1453 2526 id
1500 2461 1814 2544 colligere
1856 2482 1944 2524 ex
1987 2461 2116 2525 illis
2162 2462 2402 2544 quibus
2447 2464 2674 2529 scribit
2705 2466 2784 2542 ei,

361 2594 513 2636 cum
566 2591 779 2632 uxore
827 2578 895 2632 et
949 2566 1247 2630 filio—et
1292 2568 1564 2648 quidem
1618 2577 1688 2629 et
1728 2566 1855 2629 hoc
1903 2567 1988 2628 de
2037 2587 2269 2644 seru03
2335 2587 2622 2650 namque
2669 2571 2782 2651 qui

360 2678 599 2740 eodem
660 2683 961 2754 tempore
1024 2679 1213 2733 erant
1286 2669 1563 2751 perfecti
1633 2670 1720 2732 ab
1779 2669 1882 2731 his
1948 2669 2259 2732 omnibus
2319 2680 2509 2734 erant
2570 2670 2783 2734 alieni.

460 2862 487 2895 ἰ
524 2845 639 2893 licet
674 2845 725 2893 in
752 2859 795 2893 c.
829 2843 952 2893 eccl.
987 2841 1249 2905 [40rdine
1275 2841 1359 2902 ll]
1383 2857 1490 2890 esse
1521 2847 1571 2888 et
1594 2855 1696 2888 non
1721 2839 1902 2888 debere
1925 2854 2016 2903 pro
2040 2838 2071 2888 i.
2101 2837 2152 2886 h.
2178 2847 2226 2888 et
2251 2855 2299 2888 o.
2325 2841 2375 2888 d.
2401 2855 2499 2888 sec.
2527 2839 2575 2887 in
2599 2839 2634 2888 l.
2664 2840 2785 2889 uelit

360 2943 445 2976 eas
472 2925 583 2991 (for
602 2927 988 2984 licet...debere)
1020 2926 1063 2974 C
1082 2925 1151 2973 H
1393 2944 1424 2987 4
1456 2939 1603 2988 agere
1639 2923 1732 2971 uiri
1756 2923 1822 2970 H
2083 2935 2108 2984 7
2147 2921 2343 2970 uidetur
2363 2923 2428 2970 II
2449 2919 2455 2985 Ι
2487 2937 2786 2986 exaequasse

362 3025 438 3057 om
469 3009 511 3057 C
536 3008 599 3056 ll
876 3023 935 3056 10
970 3007 1314 3056 Philemonem
1345 3007 1407 3054 ll
1692 3020 1748 3066 14
1782 3003 1844 3052 sit
1871 2999 1966 3068 (ast
1987 3001 2202 3064 insuad.)
2229 3002 2334 3050 add
2355 3003 2397 3052 C
2419 3003 2565 3064 (corr)
2659 3012 2735 3052 est
2757 3019 2788 3052 r

370 3107 424 3154 ¹7
462 3101 567 3140 tota
592 3092 707 3155 (sor
728 3091 886 3150 tanta)
912 3107 945 3138 r
1140 3104 1204 3138 20
1225 3095 1552 3152 exequentem
1582 3087 1625 3134 C
1646 3086 1708 3134 H
1725 3101 1758 3133 r
1951 3097 2004 3130 21
2045 3100 2162 3132 nam
2187 3085 2256 3132 H

1626 3215 1776 3264 much
1799 3223 1948 3264 stress
1971 3231 2034 3263 on
2058 3217 2144 3265 the
2161 3216 2313 3264 social
2336 3217 2711 3266 subordination
2735 3219 2794 3268 os

1626 3314 1838 3356 woman,
1879 3298 1942 3344 he
1977 3297 2101 3344 adds
2133 3312 2165 3344 a
2198 3297 2373 3359 saving
2405 3298 2584 3356 clause,
2621 3298 2785 3347 which

433 3239 477 3272 1.
546 3222 728 3271 similis
748 3221 919 3276 honor,
935 3220 1051 3281 δια]
1087 3220 1167 3268 Cf.
1194 3231 1252 3268 11.
1284 3234 1369 3282 pp.
1396 3233 1453 3283 91
1470 3246 1525 3254 -.

365 3315 460 3368 9Ὶῖ
504 3315 591 3362 ¹53
614 3315 719 3362 δεμ
754 3297 913 3360 infra,
942 3313 993 3360 p.
1022 3295 1131 3361 269,
1162 3296 1193 3344 1.
1229 3311 1244 3343 ι
1270 3311 1344 3359 sq.

433 3398 479 3432 α.
538 3383 643 3430 licet
666 3382 723 3429 in
745 3377 1016 3434 conmeuni,
1042 3378 1154 3439 δια]
1192 3377 1327 3425 Pitra
1351 3395 1363 3424 ε
1400 3379 1431 3402 “
1450 3375 1522 3422 in-

363 3466 641 3515 terturbata
700 3461 933 3511 nonnihil
990 3461 1085 3509 ista
1140 3460 1247 3508 uisa
1302 3466 1417 3507 sunt
1474 3458 1527 3506 in

366 3544 591 3596 codice.”
661 3546 773 3594 The
812 3544 975 3592 words
1018 3558 1113 3590 esse
1146 3547 1190 3589 et
1227 3555 1329 3588 non
1368 3539 1527 3588 debere

365 3631 493 3679 have
530 3631 657 3678 been
694 3629 799 3676 first
834 3627 1058 3682 omitted,
1095 3626 1195 3674 and
1237 3624 1526 3673 afterwards

367 3713 599 3778 replaced
621 3712 671 3760 in
696 3711 781 3761 the
806 3725 979 3773 wrong
1001 3708 1137 3768 line3
1170 3707 1233 3758 cf.
1265 3720 1301 3756 1.
1332 3723 1379 3771 p.
1414 3703 1524 3764 216,

366 3794 403 3843 1.
436 3807 509 3855 14,
539 3799 675 3841 note.
1020 3799 1025 3804 “

436 3887 482 3936 7.
538 3871 837 3936 exaequasse]
890 3871 1041 3920 Some
1068 3869 1187 3918 such
1214 3869 1336 3918 verb
1366 3869 1408 3917 is
1442 3883 1526 3916 ne-

368 3971 561 4018 cessary
586 3963 639 4004 to
669 3953 918 4017 complete
942 3953 1027 4002 the
1049 3967 1206 4001 sense.
1278 3951 1301 3999 I
1334 3951 1529 4000 believe

368 4036 602 4084 however
621 4035 729 4082 that
752 4049 782 4081 a
805 4031 967 4081 whole
999 4032 1099 4079 line
1134 4031 1223 4078 has
1245 4030 1395 4078 fallen
1421 4038 1523 4085 out,

366 4117 467 4166 and
492 4116 659 4165 would
683 4122 908 4179 suggest:
950 4113 1071 4161 “ita
1092 4120 1149 4161 ut
1170 4127 1273 4160 non
1299 4111 1527 4160 uideatur

368 4199 791 4264 contemplatione
830 4195 1019 4245 ordinis
1052 4195 1157 4256 [eas
1201 4208 1526 4256 exaequasse;

368 4289 635 4344 postquam
668 4277 803 4327 enim
837 4275 1029 4323 dixerat
1062 4291 1123 4322 ea
1155 4289 1283 4337 quae
1318 4273 1529 4322 dicenda

369 4361 793 4425 contemplatione
838 4357 1063 4418 ordinis]‚
1121 4353 1391 4419 denique‚’'
1434 4355 1525 4404 &c-

376 4451 389 4473 ‘
408 4449 542 4512 Even
566 4445 617 4493 in
650 4460 667 4492 1
690 4443 806 4492 Cor.
827 4442 911 4500 xi„
926 4441 1090 4490 where
1114 4440 1199 4490 the
1225 4441 1325 4502 Ap.
1347 4440 1455 4502 lays
1472 4454 1526 4486 so

1625 3380 1810 3428 affirms
1827 3379 1915 3426 her
1929 3377 2152 3442 spiritual
2171 3376 2426 3441 equality.'
2473 3379 2550 3427 Cf.
2575 3379 2784 3442 Chrys:

1626 3457 1796 3516 ἐπειδὴ
1835 3459 1932 3519 γὰρ
1976 3455 2166 3515 πολλὴν
2212 3453 2456 3518 ὑπεροχὴν
2500 3459 2675 3505 ἔδωκεν
2716 3456 2787 3521 τῷ

1626 3537 1774 3602 ἀνδρί,
1817 3537 1965 3586 εἰπών
1998 3536 2075 3586 ὅτι
2108 3541 2159 3596 ἐξ
2191 3535 2337 3586 αὐτοῦ
2369 3537 2400 3598 ἡ
2431 3537 2570 3598 γυνή,
2601 3541 2680 3588 καὶ
2706 3538 2785 3590 ὅτι

1631 3619 1689 3668 δι’
1737 3617 1880 3668 αὑτὸν
1927 3621 2006 3667 καὶ
2052 3617 2133 3667 ὑπ’
2177 3617 2346 3668 αὐτόν·
2392 3620 2468 3668 ἵνα
2511 3617 2634 3679 μήτε
2678 3625 2787 3672 τοὺς

1625 3699 1794 3764 ἄνδρας
1853 3703 2010 3764 ἐπάρῃ
2071 3701 2222 3750 πλέον
2283 3699 2368 3749 τοῦ
2413 3703 2612 3761 δέοντος,
2661 3701 2785 3763 μήτε

1628 3785 1810 3833 ἐκείνας
1859 3781 2156 3844 ταπεινώσῃ,
2203 3781 2290 3846 ὅρα
2335 3782 2434 3833 πῶς
2477 3785 2653 3846 ἐπάγει
2696 3783 2785 3844 τὴν

1631 3864 1895 3928 διόρθωσιν,
1945 3867 2104 3925 λέγων
2145 3865 2299 3925 ‘nkil’
2341 3866 2454 3914 οὔτε
2487 3864 2608 3929 ἀνὴρ
2641 3869 2786 3931 χωρὶς

1628 3945 1908 4008 γυναικός,”
1933 3951 2078 3996 κ.τ.λ.

1687 4031 1740 4090 ,8.
1823 4030 2188 4090 uerumlamm]
2230 4045 2245 4077 ι
2286 4031 2404 4079 Cor.
2431 4031 2494 4078 xi.
2527 4045 2600 4087 11,
2627 4031 2778 4095 Vulg.

1695 4127 1773 4161 20.
1829 4127 1892 4161 cx
1913 4111 2012 4160 illis
2033 4112 2210 4175 quibus
2229 4112 2415 4173 scribit]
2461 4112 2541 4162 Cf.
2565 4113 2784 4172 Ronsch‚

1629 4193 1780 4252 Itala,
1809 4209 1858 4258 p.
1884 4209 1978 4256 443
2002 4209 2076 4257 sq.

1697 4289 1774 4323 αα.
1824 4275 2048 4338 perfidi]
2085 4275 2220 4323 ‘The
2242 4273 2500 4336 educated,
2521 4275 2607 4324 the
2630 4291 2788 4340 uppcr

1629 4357 1826 4416 classes,
1855 4355 1914 4403 of
1941 4356 1993 4405 S.
2023 4356 2188 4405 Paul's
2219 4357 2317 4420 day
2339 4356 2453 4405 held
2491 4357 2787 4406 themselves

1629 4437 1906 4501 altogether
1927 4437 2068 4486 aloof
2083 4437 2210 4486 srom
2234 4438 2361 4488 their
2383 4439 2560 4494 slaves,
2575 4437 2696 4487 took
2721 4453 2788 4487 no

2816 1452 2892 1500 10

2818 1970 2888 2037 15
