3250 5025
290 361 416 430 VI.
457 379 550 446 ιο,
585 363 714 450 11.]
1006 379 1091 432 m
1139 379 1248 432 ΕΡ.
1295 380 1399 432 AD
1444 380 1913 434 TIMOTHEUM
1960 382 2007 435 1.
2444 349 2451 355 ’
2594 370 2709 434 181

418 553 535 616 ‘et
569 561 646 618 ut
682 554 1160 638 compendiose
1208 555 1477 640 (inquit)
1525 556 1772 635 dicam,
1804 554 1971 620 nihil
2018 553 2335 619 indecens
2374 561 2485 618 est
2530 554 2713 638 quod

288 675 424 722 non
456 679 576 742 per
603 659 1213 742 concupiscentiam
1244 659 1649 725 admittatur
1691 657 2161 743 pecuniarum.’
2251 667 2322 722 et
2352 657 2714 724 ostendens

290 763 609 844 quoniam
645 762 1116 846 experimento
1158 761 1397 827 doctus
1436 762 1568 827 ista
1611 761 1793 838 dicit,
1835 762 2051 826 sciens
2098 762 2348 827 multos
2384 761 2585 827 fuisse
2622 781 2715 828 ex

292 865 440 950 ipsa
469 867 1008 952 concupiscentia
1035 887 1172 933 non
1207 859 1384 933 leuia
1413 868 1695 944 nocitOS,
1724 863 1973 932 adiecit
2000 885 2021 933 z

422 1033 622 1096 quam
666 1012 927 1096 quidem
977 1014 1332 1097 adpetentes
1388 1013 1853 1080 oberraverunt
1896 1033 1943 1078 a
1974 1011 2123 1098 fide
2160 1021 2228 1078 et
2270 1011 2507 1100 sezpsos
2550 1011 2712 1076 inse-
2786 1015 2819 1086 5

291 1127 567 1182 ruerunt
590 1118 916 1184 doloribus
943 1119 1190 1188 multis.

423 1251 550 1312 ‘ex
593 1246 721 1312 hac
766 1245 1032 1331 (inquit)
1063 1246 1606 1332 concupiscentia
1647 1243 1841 1311 multi
1886 1265 1927 1310 a
1959 1243 2095 1310 fide
2125 1244 2443 1310 cecidisse
2472 1245 2709 1311 uiden-

288 1357 414 1428 tur,
445 1359 514 1415 et
550 1371 671 1416 nec
715 1350 1082 1415 secundum
1129 1359 1550 1434 praesentem
1588 1349 1800 1413 uitam
1854 1349 1923 1412 in
1968 1347 2351 1413 melioribus
2397 1356 2710 1432 poterant

287 1451 584 1531 inueniri,
615 1454 734 1518 sed
781 1473 819 1517 e
862 1454 1191 1517 contrario
1235 1451 1560 1520 deflentes
1604 1471 1687 1516 ac
1738 1449 2049 1516 dolentes
2087 1459 2540 1536 persteterunt
2585 1472 2711 1535 pro

287 1553 419 1618 illis
487 1577 662 1640 quae
733 1557 861 1623 sibi
937 1579 1030 1628 ex
1102 1557 1207 1622 his
1281 1557 1667 1622 acciderunt
1724 1554 2047 1622 tristitiis?
2135 1563 2207 1624 et
2264 1555 2509 1626 iterum
2568 1557 2700 1642 ipsi
2743 1564 2823 1618 10

287 1659 652 1728 Timotheo
679 1661 1032 1726 consilium
1061 1659 1231 1726 dans
1261 1660 1552 1728 adiecit:

417 1824 492 1880 tu
519 1825 755 1894 autem,
791 1815 977 1882 homo
1003 1815 1151 1896 Dei,
1179 1816 1334 1882 haec
1341 1816 1532 1901 fuge.

417 1953 577 2028 apte
621 1946 806 2012 uisus
853 1955 958 2013 est
1009 1966 1164 2012 eum
1214 1947 1610 2014 exhortasse
1660 1957 1738 2014 ut
1796 1947 1928 2012 ista
1984 1946 2221 2031 fugiat,
2255 1951 2277 1984 ‘
2326 1946 2667 2012 hominem
2688 1947 2705 1976 ⁸

287 2043 474 2111 illum
522 2048 753 2114 dicens
804 2070 951 2114 esse
1008 2052 1026 2084 ‘
1053 2049 1220 2120 Dei:
1308 2059 1545 2134 aptum
1597 2051 1779 2116 enim
1834 2059 1938 2116 est
1989 2051 2052 2115 ei
2104 2051 2218 2136 qui
2266 2050 2421 2116 talis
2472 2061 2575 2118 est
2626 2062 2705 2118 ut

287 2149 380 2215 ab
443 2153 628 2216 omni
695 2153 876 2218 malo
938 2172 1086 2218 sese
1145 2153 1554 2236 superiorem
1614 2153 1976 2219 custodiat.
2066 2152 2315 2218 deinde
2366 2154 2595 2221 scribit
2633 2153 2698 2221 ei
2737 2153 2812 2221 1⁵

287 2264 526 2338 utpote
584 2256 926 2322 carissimo
982 2254 1328 2340 discipulo,
1389 2255 1735 2320 insinuans
1793 2274 1969 2342 quae
2027 2275 2181 2321 eum
2243 2275 2445 2340 agere
2503 2276 2703 2343 opor-

282 2366 516 2428 teant:

417 2495 738 2581 insequere
781 2505 999 2563 autem
1049 2495 1392 2573 iustitiam,
1427 2493 1757 2581 pietatem,
1783 2493 2013 2581 fidem,
2054 2495 2411 2577 caritatem,
2444 2496 2703 2583 patien-

284 2601 468 2682 tiam,
498 2605 1072 2670 mansuetudinem.

387 2794 410 2832 r
445 2780 636 2833 malum
655 2781 850 2834 nullum
865 2780 971 2847 (ast
989 2778 1244 2843 indecens)
1267 2778 1371 2830 add
1388 2792 1422 2829 r
1483 2779 1489 2783 ⁴
1659 2794 1687 2831 α
1722 2792 1813 2845 per
1844 2778 2275 2845 concupiscentiae
2300 2779 2380 2831 θ’
2400 2782 2471 2832 Η
2492 2780 2569 2846 [δι’
2600 2780 2705 2834 ἐτι·

284 2864 454 2923 θυμίας
465 2865 510 2927 Ρ]
689 2880 719 2929 3
752 2866 818 2915 sit
841 2863 941 2929 (ast
956 2862 1156 2929 doctus)
1179 2864 1284 2913 add
1304 2863 1350 2914 C
1366 2863 1435 2913 H
1447 2878 1481 2913 r
1662 2880 1695 2927 4
1728 2861 1905 2913 leviter
1931 2863 1975 2914 C
1994 2879 2028 2912 r
2051 2859 2061 2928 Ι
2090 2864 2330 2929 deceptos
2352 2864 2469 2929 (for
2486 2866 2703 2929 nocitos)

284 2960 318 2995 r
341 2944 352 3011 Ι
379 2945 534 2997 adicit
580 2944 626 2997 C
653 2962 687 2996 r
905 2957 934 3009 5
968 2943 1274 2996 oberrauerit
1321 2944 1366 2995 C
1405 2942 1645 2994 errauerit
1686 2940 1752 3008 νΙ
1782 2943 1931 2994 inser.
1974 2959 2029 2994 se
2066 2959 2100 2992 r
2314 2946 2346 2996 8
2376 2946 2632 3011 potuerint
2674 2966 2709 3000 r

282 3040 316 3092 9
348 3027 626 3092 persteterit
653 3024 731 3076 c*
798 3026 1116 3091 persteterint
1136 3042 1170 3076 r
1386 3040 1448 3076 10
1477 3023 1716 3076 acciderit
1744 3022 1822 3074 c*
1853 3022 2061 3089 ltristiis
2082 3026 2151 3076 H
2166 3022 2176 3091 Ι
2204 3033 2257 3077 et
2276 3026 2707 3083 iterum...adiecit

282 3123 361 3157 om
382 3124 416 3157 r
656 3123 677 3158 1
691 3122 709 3157 1
749 3107 903 3171 adicit
946 3108 991 3158 C
1228 3122 1288 3171 13
1319 3114 1494 3172 aperte
1529 3105 1647 3170 (sor
1676 3107 1814 3172 apte)
1849 3106 1876 3156 Ι
2114 3120 2173 3172 15
2207 3108 2515 3175 superiorem
2551 3128 2633 3165 om
2669 3129 2705 3165 r

287 3184 348 3239 16
379 3194 608 3253 oporteat
637 3184 680 3238 C
699 3188 852 3251 (corr)
873 3200 910 3239 r
1123 3188 1186 3239 18
1217 3194 1406 3238 sectare
1427 3202 1548 3237 uero
1572 3184 1687 3252 (for
1704 3186 1861 3252 inseq.
1888 3184 2019 3253 aut.)
2038 3204 2075 3237 r

281 3334 427 3397 lenta,
467 3333 636 3386 whilst
670 3332 986 3386 Gaudentius
1017 3332 1206 3399 prefers
1251 3334 1443 3383 “amor
1539 3332 1659 3383 dam
1681 3340 1973 3399 appetentes.
2037 3350 2130 3399 pro
2152 3334 2254 3387 illis
2281 3352 2412 3402 quae
2442 3338 2541 3390 sibi
2572 3344 2702 3393 acci.

283 3413 580 3482 pecuniae.’'
1538 3413 1741 3476 derunt.
1808 3422 1871 3467 tu
1903 3422 2089 3474 autem,
2111 3432 2141 3467 o
2170 3416 2316 3467 homo
2336 3419 2459 3471 Dei.
2524 3432 2703 3487 aperte

348 3516 398 3551 α.
451 3508 552 3566 per
588 3498 1056 3565 concupiscentiam]
1121 3498 1220 3550 See
1261 3514 1345 3549 vv.
1383 3496 1440 3549 11.
1541 3497 1658 3562 [sic]
1684 3498 1823 3549 uisus
1852 3504 1929 3549 est
1958 3514 2077 3549 eum
2108 3498 2412 3565 exhortasse,
2442 3502 2703 3558 bominem

279 3580 363 3633 Stt
383 3580 440 3641 (1.
468 3596 516 3645 3,
541 3594 626 3631 vv.
648 3580 726 3641 11.)
749 3580 792 3630 is
814 3595 846 3629 a
866 3578 1100 3631 manifest
1120 3593 1274 3629 error·
1543 3579 1647 3630 Dei
1664 3579 1809 3631 illum
1830 3578 2081 3631 dioens.'”

348 3682 398 3726 4.
463 3678 568 3713 non
601 3663 732 3713 leuia
765 3661 968 3723 nocitos]
1033 3663 1089 3711 οὐ
1109 3660 1288 3724 σμικρὰ.
1317 3661 1440 3724 βλα·
1611 3676 1691 3723 13.
1744 3666 1855 3724 apte
1872 3660 2015 3709 uisus
2037 3658 2127 3723 est]
2193 3660 2271 3712 Cf.
2298 3662 2505 3728 Chrysa
2540 3665 2585 3715 εἱ
2614 3663 2704 3717 rozo·

280 3740 474 3802 βέντας.
519 3738 926 3789 Fornocitussee
945 3750 984 3789 1.
1004 3754 1056 3803 p.
1079 3735 1216 3801 67‚l.
1239 3751 1282 3797 1,
1304 3743 1442 3786 note.
1542 3740 1657 3789 θεοῦ
1706 3737 1953 3804 ὥνθρωπος
1996 3742 2190 3806 (φησὶν)
2234 3744 2295 3807 εἴ,
2342 3745 2413 3805 μὴ
2458 3742 2593 3811 ζήτει
2634 3749 2703 3801 τὰ

351 3832 396 3883 5.
467 3818 841 3881 oberrauemaet]
922 3818 990 3869 Ο.
1026 3819 1092 3870 L.
1127 3816 1231 3867 and
1267 3814 1439 3880 Vulg„
1540 3820 1746 3887 περιττὰ
1786 3826 1869 3873 καὶ
1921 3826 2007 3874 οὐκ
2048 3822 2233 3887 ἄγοντα
2276 3828 2397 3889 πρὸς
2437 3830 2524 3879 τὸν
2568 3828 2693 3883 θεόν.

287 3904 319 3929 “
335 3907 624 3951 errauernnt
641 3900 699 3962 ;”
749 3902 908 3965 Aug..
957 3896 1442 3965 “pererrauerunt.”
1541 3906 1729 3971 Pelagt
1758 3910 1910 3958 “non
1932 3908 2220 3959 diuitiarum
2240 3908 2409 3974 homo,
2434 3912 2526 3963 sed
2546 3912 2699 3965 Dei.”

290 3982 460 4033 Oberr.
484 3982 528 4033 is
549 3998 668 4048 very
688 3982 913 4048 possibly
931 3997 998 4035 an
1027 3997 1166 4033 error
1195 3982 1275 4033 sor
1305 3982 1440 4032 aber·
1609 4000 1688 4052 15.
1742 3988 1805 4038 ab
1836 3988 1981 4038 omna·
2014 3989 2532 4057 mlo...sup0—2·0rm]
2608 3996 2689 4051 Cf.

281 4073 534 4117 rauenmt
554 4062 1040 4128 (ἁπεπλανῆθησυη
1069 4064 1148 4116 sor
1170 4064 1260 4116 the
1280 4080 1440 4131 oppo-
1540 4080 1580 4120 1.
1603 4086 1657 4135 p.
1681 4084 1761 4133 32,
1789 4069 1825 4120 1.
1848 4069 1897 4129 6,
1921 4077 2058 4122 note.
2124 4070 2257 4121 Rab.
2282 4070 2387 4139 (see
2406 4091 2490 4127 vv.
2505 4075 2581 4142 11.)
2604 4078 2696 4133 has

281 4147 376 4200 site
413 4146 628 4199 mistake
661 4164 746 4200 see
784 4160 824 4199 1.
859 4164 912 4214 p.
955 4158 1064 4214 1972
1098 4147 1134 4200 1.
1175 4158 1222 4211 7.
1262 4163 1348 4198 vv.
1379 4147 1438 4199 11.
1535 4152 1759 4202 restored
1781 4152 1870 4202 the
1897 4168 2152 4217 grammar
2175 4154 2247 4221 by
2264 4156 2479 4225 striking
2497 4166 2586 4213 out
2607 4162 2696 4217 the

280 4231 472 4297 Seipsos
497 4228 760 4295 (ἐφη-οὔπη
792 4230 948 4297 Vulg.
974 4233 1009 4260 “
1023 4245 1078 4281 se
1094 4226 1148 4292 ;”
1172 4228 1238 4283 cf.
1261 4236 1432 4295 supra,
1535 4234 1893 4298 comparative.

279 4324 344 4367 11.
366 4328 422 4380 p.
443 4327 526 4380 9²·
549 4311 584 4362 1.
613 4329 656 4370 1,
679 4319 818 4363 note.
1194 4310 1202 4319 ’
1605 4312 1685 4365 18.
1754 4310 2023 4377 insequere]
2108 4312 2192 4364 Cf.
2236 4314 2510 4380 Ambrstr„
2565 4320 2693 4374 “se-

346 4410 398 4463 9.
439 4402 540 4460 pro
561 4393 850 4457 z’llis...Dei]
894 4392 1142 4445 Lanfranc
1179 4391 1303 4445 cites
1334 4390 1438 4443 this
1535 4391 1743 4459 quere.’'
1790 4394 1903 4445 The
1924 4394 2079 4459 Vulg.
2097 4394 2189 4447 has
2214 4396 2505 4460 “sectare”
2527 4400 2693 4457 which

277 4476 333 4529 in
355 4478 443 4531 the
463 4476 800 4544 fragmentary
811 4475 972 4528 sonna
1000 4476 1282 4528 “Ambros.
1300 4475 1436 4542 ‘qui-
1533 4492 1629 4527 our
1648 4477 1915 4529 translator
1935 4478 2121 4531 retains
2142 4486 2195 4533 at
2219 4498 2246 4532 ο
2270 4481 2406 4533 Tim.
2422 4481 2476 4533 ii.
2504 4499 2583 4539 υ.
