3250 5025
525 313 563 373 8
1171 322 1629 375 THEonoRus
1676 324 2261 376 MOPSUESTENUS
2638 311 2757 395 [11.
2800 328 2848 387 1,
2883 328 2937 374 2.

524 493 592 555 id
646 495 923 559 dicatur.
1014 496 1215 579 igitur
1274 496 1678 578 ubicumque
1738 516 1973 560 uocem
2020 495 2194 559 hanc
2254 496 2719 573 inuenerimuS,
2774 497 2941 560 scire

523 616 646 659 nos
690 600 1005 662 conuenit
1047 600 1364 682 quoniam
1427 619 1643 681 neque
1688 599 1773 663 de
1821 600 2015 663 Patre
2066 601 2151 663 ad
2200 602 2747 683 interceptionem
2808 600 2939 663 dici

523 702 737 784 possit
768 701 935 779 Filii,
970 723 1185 785 neque
1225 703 1311 766 de
1354 700 1526 765 Filio
1567 704 1653 767 ad
1698 703 2247 786 interceptionem
2279 705 2409 767 dici
2442 706 2653 786 possit
2687 704 2938 781 Patris;

524 803 826 869 similiter
883 816 952 869 et
1011 806 1276 870 Patrem
1337 816 1406 869 et
1465 806 1709 869 Filium
1774 807 1993 870 Deum
2057 806 2235 888 apud
2297 826 2530 870 omnes
2589 808 2735 889 pios
2797 826 2941 869 esse

461 928 491 995 5
526 908 910 973 creditum*
971 911 1200 974 dicens
1230 919 1454 974 autem
1489 911 1616 973 ista
1648 910 1734 973 ad
1769 910 2308 973 exhortationem
2341 930 2587 985 eorum,
2614 930 2940 972 memora-

525 1022 634 1076 tur
661 1011 834 1075 ultra
866 1023 934 1077 et
964 1012 1077 1075 illa
1105 1033 1279 1096 quae
1309 1012 1677 1075 secundum
1720 1032 1792 1074 se
1832 1022 2027 1089 sunt;
2082 1011 2194 1074 illa
2234 1010 2338 1074 uel
2379 1011 2677 1074 maxime
2713 1011 2967 1072 dicens·

525 1134 698 1195 quae
757 1114 847 1177 illi
905 1115 1029 1197 ipsi
1078 1114 1256 1197 apud
1311 1136 1383 1177 se
1435 1113 1611 1177 facta
1660 1135 1806 1178 esse
1857 1114 2174 1189 sciebant,
2230 1122 2306 1177 ut
2356 1122 2425 1181 et
2472 1111 2585 1175 illa
2637 1132 2809 1194 quae
2856 1112 2941 1175 de

526 1235 612 1289 se⁴
638 1226 826 1280 erant
873 1236 1023 1279 curn
1068 1216 1195 1278 illis
1243 1236 1793 1292 commemoranS,
1827 1216 2135 1279 suaderet
2175 1214 2303 1278 illis
2344 1235 2478 1278 non
2521 1214 2755 1278 cedere
2796 1214 2942 1277 tris-

525 1319 752 1382 titiae:

422 1484 501 1532 10
657 1468 785 1553 ipsi
822 1469 995 1533 enim
1040 1469 1258 1547 nostis,
1290 1456 1568 1551 fratres,
1619 1468 1963 1532 introitum
2004 1477 2297 1532 nostrum
2338 1467 2457 1550 qui
2485 1467 2641 1548 fuit
2668 1467 2777 1530 ad
2812 1487 2941 1542 u05,

523 1572 828 1661 quoniam
860 1592 985 1635 non
1018 1571 1238 1635 inanis
1259 1572 1425 1653 fuit,
1457 1572 1574 1635 sed
1595 1582 1745 1635 ante
1769 1570 1962 1652 passi
1986 1581 2048 1634 et
2084 1570 2483 1635 contumeliis
2520 1569 2747 1650 afficti,
2778 1568 2946 1633 sicut

524 1674 742 1750 nostele,
776 1676 846 1738 in
875 1675 1218 1757 Plzz'lzjopiS,
1232 1674 1643 1759 fiducialiter
1668 1676 1920 1757 egimus
1958 1673 2029 1736 in
2061 1673 2197 1736 Deo
2238 1684 2451 1737 nostro
2490 1672 2669 1755 loqui
2702 1672 2797 1735 ad
2830 1692 2944 1735 uos

522 1778 926 1861 euangelium
957 1778 1090 1841 Dei
1117 1778 1188 1842 in
1219 1777 1420 1841 multo
1448 1798 1663 1859 agone.

657 1906 873 1969 ‘scitis
939 1905 1201 1989 (inquit)
1258 1906 1574 1988 quoniam
1631 1925 1765 1968 non
1819 1903 2123 1967 absolute
2174 1923 2299 1966 nec
2352 1902 2624 1966 fortuitu
2679 1903 2764 1965 ad
2818 1922 2939 1965 uos

421 2017 490 2083 15
525 2010 870 2083 uenimus;
930 2008 1047 2071 sed
1086 2007 1239 2070 licet
1275 2008 1487 2071 multa
1530 2007 1709 2070 mala
1751 2005 2073 2089 Philippis
2115 2006 2292 2087 passi
2336 2005 2667 2081 fuerimus,
2710 2016 2937 2068 tamen

525 2133 658 2176 non
719 2112 1052 2176 defuimus
1087 2112 1190 2183 ‚ad
1244 2132 1365 2174 uos
1411 2112 1757 2175 uenientes
1809 2130 1961 2172 cum
2016 2108 2259 2172 fiducia
2312 2109 2693 2191 praedicare
2746 2107 2939 2170 uobis

524 2217 861 2297 pietatem,
909 2226 977 2280 et
1019 2216 1291 2299 quidem
1346 2234 1498 2277 cum
1546 2215 1759 2277 multa
1818 2213 2011 2277 nobis
2072 2214 2159 2276 ab
2219 2213 2467 2276 exteris
2528 2212 2941 2275 incumberet

523 2318 915 2384 necessitas?
1005 2320 1174 2382 bene
1206 2328 1430 2381 autem
1472 2318 1650 2381 dixit
1694 2318 1850 2401 quia
1884 2316 1952 2379 in
1981 2316 2119 2379 Deo
2143 2316 2553 2399 fiducialiter
2578 2314 2942 2398 gessimus,·

522 2434 596 2487 ut
626 2444 712 2488 ne
743 2424 868 2486 sibi
900 2424 1233 2486 uideretur
1265 2423 1478 2504 ipsam
1504 2421 1816 2485 fiduciam
1843 2421 2235 2496 adscribere,
2267 2422 2417 2484 ideo
2449 2441 2599 2483 eam
2625 2440 2939 2501 coopera-

413 2538 498 2588 20
523 2527 688 2590 tioni
729 2526 998 2589 diuinae
1039 2526 1406 2607 adscripsit.
1497 2524 1963 2587 demirandum
2007 2533 2109 2586 est
2154 2534 2379 2587 autem
2428 2534 2496 2587 et
2544 2522 2705 2586 illud
2756 2521 2936 2604 quod

522 2683 694 2755 ὥστε
754 2687 917 2752 ὅπου
974 2686 1121 2752 ποτ’
1167 2686 1249 2752 ἂν
1305 2687 1428 2769 τὴν
1487 2688 1715 2772 φωνὴνο
1760 2687 2143 2775 εὑρίσκομεν
2202 2686 2455 2765 ταύτην,
2516 2684 2746 2750 εἰδέναι
2804 2683 2936 2772 χρὴ

520 2787 622 2854 ’ότι
666 2787 829 2871 μήτε
881 2785 992 2854 ἐπὶ
1043 2786 1291 2876 πατρὸς·
1343 2789 1432 2859 εἰς
1483 2787 1816 2873 ἀναίρεσιν
1862 2787 2040 2872 λέγει
2092 2787 2251 2867 υἱοῦ,
2294 2788 2459 2869 μήτε
2510 2785 2610 2874 ἐφ’
2657 2784 2801 2852 υἱοῦ
2846 2785 2939 2856 εἷς

521 2888 862 2979 ἀναίρεσιν
911 2890 1178 2979 πατρός,
1230 2889 1460 2972 ὁμοίως
1520 2891 1831 2972 ἀληθινοῦ
1890 2891 2137 2981 πατρὸς
2196 2891 2305 2957 καὶ
2364 2889 2505 2957 υἱοῦ
2561 2889 2743 2975 παρὰ
2805 2891 2939 2959 τοῖς

521 2993 881 3072 εὐσεβέσιν.

618 3160 646 3208 3
681 3145 1146 3210 interceptationem
1185 3163 1216 3196 r

521 3309 669 3368 (corr)
737 3308 972 3358 desumus
1001 3309 1070 3358 H
1081 3327 1094 3358 x
1140 3316 1221 3357 txt
1253 3326 1286 3358 r

584 3457 632 3491 α.
699 3457 849 3506 neque
869 3442 929 3493 de
949 3445 1117 3500 Patre,
1141 3444 1256 3505 &c.]
1321 3443 1402 3494 cf.
1431 3453 1584 3509 supra
1616 3461 1685 3495 on

520 3523 654 3588 Eph.
679 3523 746 3573 iv.
771 3523 819 3580 6,
843 3525 944 3573 and
966 3533 1110 3574 notes
1133 3525 1290 3575 there.

587 3620 663 3656 10.
725 3607 899 3668 nostis]
943 3607 1010 3656 O.
1036 3608 1096 3656 L.
1119 3608 1220 3658 and
1245 3608 1416 3672 Vulg.,
1433 3608 1610 3658 “scitis
1625 3607 1683 3669 ;''

517 3687 618 3736 and
635 3703 692 3736 so
715 3687 766 3737 in
789 3704 871 3736 vv.
897 3703 942 3747 π,
972 3701 1018 3750 5,
1054 3704 1127 3745 11,
1152 3688 1385 3738 followed
1409 3692 1460 3739 in
1484 3706 1533 3738 v.
1561 3705 1587 3752 5
1613 3691 1681 3754 by

517 3785 608 3819 our
639 3769 919 3819 translator.
995 3771 1098 3831 Qui
1113 3770 1247 3834 fuit,
1277 3769 1525 3830 διαετὴν
1561 3771 1680 3834 πρὸς

517 3849 648 3910 ὑμᾶς.
706 3853 852 3913 Quod
859 3850 959 3912 (see
974 3869 1054 3900 vv.
1073 3851 1150 3913 11.)
1167 3869 1281 3916 may
1299 3854 1520 3918 possibly
1533 3854 1679 3918 point

517 3941 572 3983 to
605 3949 637 3982 a
663 3941 835 3983 neuter
866 3934 992 3983 form
1025 3934 1310 3993 introitum,
1335 3934 1396 3983 cf.
1425 3947 1459 3983 1.
1483 3951 1536 4000 p.
1568 3949 1675 3999 170,

519 4014 553 4063 l.
584 4029 626 4070 1,
651 4021 800 4072 note3
835 4014 925 4063 but
958 4029 1013 4064 as
1047 4015 1132 4064 the
1164 4032 1348 4065 comm.
1379 4017 1480 4080 just
1515 4018 1679 4068 below

517 4095 654 4158 gives
676 4092 915 4143 introitus
937 4101 1112 4152 noster,
1138 4094 1163 4144 1
1187 4096 1314 4145 have
1337 4097 1572 4146 followed
1595 4097 1682 4147 the

518 4177 704 4227 Corbie
727 4185 976 4226 corrector
997 4178 1098 4227 and
1123 4179 1376 4228 Rabanus.
1423 4179 1678 4228 Fiducial-

518 4263 614 4312 iter
666 4275 737 4324 eg.
785 4259 906 4324 (--]ῗ
949 4261 1205 4324 gessimus,
1273 4261 1452 4320 below,
1505 4261 1539 4309 l.
1583 4262 1680 4322 18),

519 4343 742 4402 Ronsch,
777 4343 928 4402 Itala,
969 4360 1020 4408 p.
1061 4356 1184 4406 ¹505
1218 4342 1370 4408 Vulg.
1397 4343 1677 4393 “fiduciam

518 4421 832 4478 habuimus,”
871 4424 1140 4482 Ambrstr.,
1197 4426 1408 4473 “exerta
1453 4425 1681 4476 libertate

1445 3163 1506 3197 10
1538 3147 1677 3212 quod
1712 3147 1829 3212 (for
1864 3147 1971 3213 qui)
2014 3145 2157 3197 cvi

519 3225 587 3275 H
598 3225 740 3290 (corr)
965 3243 1021 3290 13
1057 3228 1392 3278 sollicitudine
1433 3229 1552 3294 (χόν
1587 3231 1768 3294 agone)
1806 3246 1838 3278 r

1486 3325 1540 3373 ¹7
1577 3327 1607 3360 a
1631 3311 1816 3360 dextris
1840 3309 1958 3373 (for
1976 3310 2043 3358 ab
2066 3311 2189 3372 ext.)
2215 3326 2248 3358 r

2377 3162 2431 3196 11
2471 3152 2611 3196 tanta
2652 3145 2765 3211 (χόν
2799 3145 2936 3205 ante)

2063 3229 2119 3279 16
2153 3227 2395 3278 destimus
2438 3227 2509 3278 C*
2575 3229 2854 3278 destitimus
2898 3228 2941 3278 C

1778 3447 1857 3496 usi
1898 3461 2068 3494 sumus
2079 3443 2107 3466 ”
2154 3442 2233 3508 (cf.
2275 3455 2311 3494 1.
2352 3461 2404 3510 p.
2434 3459 2541 3512 194,
2589 3445 2624 3492 1.
2658 3457 2729 3508 13,
2778 3444 2937 3503 note).

1778 3525 1976 3588 Agvne:
2010 3524 2076 3575 Ο.
2101 3525 2179 3584 L.,
2210 3523 2575 3581 “certamine,’'
2597 3524 2767 3589 Vulg„
2798 3525 2939 3574 “sol-

1778 3605 2037 3655 licitudine
2050 3605 2105 3666 ;’'
2139 3621 2223 3656 see
2244 3621 2325 3654 vv.
2350 3605 2422 3665 11.,
2462 3605 2561 3655 and
2597 3606 2660 3656 cf.
2688 3618 2724 3655 1.
2749 3621 2800 3671 p.
2826 3609 2936 3664 282,

1778 3687 1810 3737 l.
1848 3701 1891 3750 7,
1922 3696 2058 3738 note.

1850 3783 1926 3831 14.
1992 3785 2093 3819 non
2110 3770 2324 3820 absolute
2345 3785 2428 3818 nec
2434 3769 2687 3833 fhrtm’tu]
2731 3771 2936 3834 Chrys:

1778 3852 1835 3900 οὐ
1866 3849 1983 3911 κενὴ
2013 3853 2215 3913 ’γέγονεν
2240 3850 2293 3914 [ἡ
2326 3853 2546 3914 εἴσοδος]·
2582 3854 2831 3902 τουτέστιν
2862 3852 2939 3901 ὅτι

1778 3936 1863 3983 οὐκ
1886 3933 2157 3996 &wopan-lun
2180 3933 2290 3984 ου’δὲ
2324 3935 2356 3994 ἠ
2390 3937 2619 3997 τυχοῦσα.
2690 3937 2939 3986 [anfranc

1778 4015 1899 4066 cites
1910 4014 2049 4080 (with
2064 4033 2093 4066 a
2112 4017 2262 4082 slight
2277 4017 2533 4082 omission)
2541 4019 2689 4076 scitis,
2702 4019 2889 4081 inquit.
2899 4057 2910 4067 .
2920 4055 2931 4066 .

1766 4100 1925 4163 passi.

1849 4195 1925 4245 19.
1993 4188 2053 4230 ut
2073 4198 2135 4231 ne
2156 4181 2257 4230 sibi
2276 4181 2545 4241 uideretur,
2575 4181 2691 4243 δια]
2714 4181 2936 4246 Thpht.:

1777 4260 1866 4324 ὅρα
1888 4264 1942 4312 δὲ
1963 4261 2062 4312 πῶς
2084 4261 2157 4323 τῷ
2183 4260 2278 4323 θεῷ
2309 4261 2457 4310 πάλιν
2480 4261 2538 4312 τὸ
2568 4261 2666 4311 πᾶν
2690 4261 2934 4323 ἀνέθηκεν,

1777 4343 2285 4408 *ἐπαρρησιασάμεθῶ
2336 4342 2480 4393 εἰπών
2541 4346 2616 4394 ’ἐν
2674 4344 2748 4406 τῷ
2806 4341 2937 4407 θεῷ,’

1773 4428 2037 4489 τουτέστιν,
2064 4425 2153 4476 ὑπ’
2177 4427 2401 4476 ἐκείνου
2422 4425 2931 4488 ἐνδυναμούμενοι,
