3250 5025
488 360 613 424 29²
1432 357 1814 408 APPENDIX
1873 359 1939 409 A.

488 525 597 586 sed
623 535 763 602 post
782 525 989 586 mortis
1010 523 1479 587 destructionem
1500 527 1746 587 donauit
1767 529 1827 587 ei
1838 529 2006 588 Deus
2027 549 2226 590 nomen
2247 539 2430 608 supra
2455 549 2620 591 omne
2646 525 2901 589 nomast.

488 621 593 698 qui
648 622 915 694 donauit,
964 624 1129 684 Deus
1180 634 1305 698 est;
1360 623 1459 684 cui
1504 623 1773 698 donauit,
1822 626 2009 687 homo
2055 630 2226 689 Iesus
2277 628 2568 702 Christus,
2614 624 2908 706 primitiae

489 719 936 798 resurgentium.
1024 731 1116 781 est
1144 721 1302 782 enim
1324 725 1741 800 primogenitus
1766 745 1835 782 ex
1863 727 2167 787 mortzcis†.
2255 726 2528 788 ascendit
2555 746 2715 805 erg0‚
2739 735 2800 784 et
2828 723 2906 783 ad

490 820 792 904 dexteram
831 819 1021 881 Patris
1058 822 1245 895 sedet,
1278 832 1339 881 et
1366 833 1455 882 est
1483 842 1664 899 super
1691 822 1908 882 omnia.
1999 843 2036 884 o
2073 825 2260 902 gratia
2297 845 2452 903 quae
2490 844 2669 902 super
2704 819 2910 882 omnia

423 930 457 990 5
489 919 632 977 data
660 929 749 977 est
778 919 919 978 Iesu
943 922 955 978 Ξ
1016 939 1055 979 o
1081 919 1272 995 gratia
1297 938 1451 996 quae
1480 919 1785 997 superauit
1820 920 2089 982 omnium
2131 927 2440 982 naturam!
2503 921 2604 999 qui
2635 933 2725 982 est
2754 919 2906 980 eius-

486 1016 629 1076 dem
678 1013 825 1075 mihi
870 1026 1116 1076 naturae
1164 1001 1343 1093 super
1385 1018 1620 1077 caelum
1673 1019 2116 1078 demonstratus
2165 1030 2271 1092 est,
2320 1018 2383 1078 in
2432 1019 2675 1079 dextera
2718 1015 2908 1077 Patris

488 1114 693 1188 sedet3
739 1125 798 1173 et
840 1113 979 1175 dico
1020 1115 1100 1174 ad
1143 1134 1320 1175 eum:
1372 1121 1522 1175 ‘non
1566 1135 1690 1176 una
1730 1127 1944 1176 natura
1985 1137 2121 1178 mea
2162 1129 2222 1178 et
2265 1129 2404 1194 tua;
2459 1128 2521 1178 et
2562 1128 2625 1177 tu
2661 1113 2906 1192 quidem

488 1209 551 1269 in
578 1210 766 1283 cae10,
795 1228 908 1289 ego
936 1221 1136 1273 autem
1166 1210 1228 1271 in
1259 1211 1674 1288 passionibus;
1716 1223 1777 1274 et
1810 1225 1874 1274 tu
1913 1213 2157 1291 quidem
2197 1235 2374 1293 supra
2411 1232 2652 1276 omnem
2692 1207 2909 1290 princi-

488 1322 693 1390 patum
732 1322 792 1372 et
828 1320 1204 1398 potestatem,
1243 1329 1357 1388 ego
1397 1321 1598 1371 autem
1637 1311 1702 1370 in
1743 1313 1974 1373 caeno.’
2057 1311 2165 1372 sed
2206 1313 2445 1373 audiam
2486 1312 2565 1371 ad
2607 1330 2698 1382 ea,
2741 1305 2908 1386 quod

388 1428 460 1467 10
494 1410 676 1469 ‘bene
696 1405 1060 1484 complacuit
1077 1405 1137 1464 in
1162 1427 1259 1466 me
1280 1405 1437 1466 Patri
1448 1407 1521 1484 ‡.’
1589 1409 1884 1484 numquid
1895 1409 2384 1486 dekitfigmentum
2411 1411 2469 1468 ei
2487 1410 2594 1486 qui
2613 1429 2673 1468 se
2677 1408 2873 1486 finxit
2886 1430 2908 1466 .-

492 1511 699 1580 ‘quare
720 1503 802 1561 sic
826 1521 914 1560 me
916 1501 1215 1578 fecis-ti§?'
1284 1501 1432 1562 nihil
1460 1503 1659 1564 habeo
1687 1505 1766 1564 ad
1794 1504 1911 1564 hoc
1939 1507 2107 1582 quod
2135 1504 2348 1565 dicam.
2437 1504 2544 1565 sed
2563 1503 2682 1565 mei
2703 1505 2908 1564 fratres

487 1599 591 1676 qui
624 1600 891 1661 eiusdem
921 1598 1066 1658 mihi
1094 1599 1295 1661 matris
1324 1612 1461 1661 sunt
1488 1602 1593 1661 filii
1621 1602 1831 1663 dicunt
1859 1601 2039 1689 mihi-z
2086 1606 2240 1663 ‘non
2277 1622 2486 1680 separa
2511 1601 2818 1662 hominem
2849 1610 2910 1661 et

490 1699 708 1768 Deum,
748 1697 857 1756 sed
890 1701 1079 1755 'unum
1123 1698 1501 1776 eundemque
1538 1699 1656 1772 die,
1694 1700 2001 1762 hominem
2036 1701 2244 1762 dicens
2282 1701 2728 1761 connaturalem
2763 1695 2911 1758 mihi

490 1795 731 1855 Deum!
814 1792 864 1854 si
905 1793 1101 1853 dicam
1148 1799 1599 1856 connaturalem
1651 1800 1869 1870 Deum,
1918 1799 2017 1859 dic
2061 1799 2370 1876 quomodo
2403 1799 2589 1858 homo
2633 1808 2694 1857 et
2740 1798 2908 1856 Deus

390 1911 457 1971 15
490 1913 680 1953 unum
714 1903 820 1954 est.
894 1893 1191 1970 numquid
1228 1913 1351 1953 una
1393 1906 1604 1955 natura
1641 1895 1902 1956 hominis
1945 1909 2004 1957 et
2048 1895 2184 1970 Dei,
2217 1895 2447 1957 domini
2476 1906 2537 1956 et
2578 1893 2751 1966 serui,
2793 1893 2910 1952 fac-

490 1989 635 2052 toris
672 2002 733 2052 et
764 1993 1073 2051 facturae?
1152 1991 1341 2052 homo
1376 1992 1609 2052 homini
1645 1994 2170 2056 consubstantialis
2203 2006 2310 2068 est,
2344 1996 2512 2055 Deus
2539 2005 2741 2055 autem
2771 1995 2910 2052 Deo

490 2086 1015 2148 consubstantialis
1044 2098 1153 2148 est.
1226 2091 1535 2166 quomodo
1566 2090 1741 2168 igitur
1768 2093 1953 2152 homo
1982 2104 2042 2152 et
2075 2094 2242 2152 Deus
2270 2111 2456 2151 unum
2484 2111 2592 2169 per
2617 2089 2910 2149 unitatem

486 2204 628 2246 esse
651 2196 869 2264 potest,
900 2186 1002 2263 qui
1033 2186 1324 2247 saluificat
1364 2200 1424 2248 et
1467 2187 1571 2266 qui
1612 2188 1991 2264 saluificatur‚
2022 2191 2126 2268 qui
2169 2202 2306 2252 ante
2337 2192 2572 2252 saecula
2599 2201 2689 2251 est
2717 2200 2777 2249 et
2806 2187 2910 2264 qui

492 2302 563 2343 ex
588 2282 782 2343 Maria
800 2283 1120 2360 adparuit?
1174 2285 1282 2344 sed
1302 2285 1690 2346 uehementer
1720 2287 1899 2349 doleo
1930 2286 2070 2365 quia
2097 2287 2218 2348 mei
2245 2289 2448 2348 fratres
2477 2287 2626 2348 haec
2653 2283 2798 2345 mihi
2827 2281 2912 2343 di-

388 2401 463 2440 20
491 2391 653 2454 cunt,
685 2375 750 2440 u‘t
777 2383 990 2460 loquar
1016 2380 1079 2439 in
1106 2380 1360 2442 ecclesia
1387 2402 1541 2460 quae
1570 2403 1693 2443 non
1725 2395 1813 2444 est
1842 2385 2124 2463 possibile
2155 2386 2352 2446 dicere
2379 2388 2538 2446 bene
2565 2383 2879 2462 sapientes.

1562 2560 1740 2619 Βοοκ
1787 2577 1840 2618 v.

739 2665 813 2747 [F
815 2688 901 2728 ac.
934 2667 1009 2727 ix.
1044 2688 1078 2743 3
1112 2667 1175 2748 (⁴⁶
1197 2667 1409 2745 quinto
1438 2670 1514 2729 de
1544 2672 1964 2733 Incarnatione
1992 2673 2161 2746 libro,
2193 2672 2455 2751 capitulo
2483 2670 2655 2753 lii'')].

618 2782 880 2856 Quando
923 2791 1164 2840 naturas
1209 2781 1463 2858 quisque
1512 2782 1812 2858 discernit,
1855 2786 2104 2843 alterum
2161 2796 2220 2845 et
2275 2786 2520 2844 alterum
2577 2784 2915 2846 necessario

494 2878 739 2939 inuenit.
814 2890 874 2937 et
922 2876 1063 2936 huic
1111 2877 1196 2937 rei
1242 2897 1442 2955 neque
1486 2879 1650 2956 ipsos
1695 2891 1843 2957 puto
1887 2900 2215 2959 repugnare
2265 2880 2406 2958 quia
2447 2882 2696 2941 alterum
2744 2884 2912 2941 Deus

494 2978 762 3038 Verbum
806 2986 1033 3049 natura,
1076 2977 1327 3035 alterum
1382 2987 1585 3037 autem
1640 2978 1804 3053 quod
1852 2979 2237 3055 adsumptum
2279 2988 2371 3038 est
2413 2976 2718 3055 (quicquid
2765 2978 2912 3038 illud

495 3072 595 3153 sit)
624 3073 993 3133 concedatur
1008 3094 1026 3147 3
1068 3072 1185 3132 hoc
1223 3072 1457 3133 interim
1502 3072 1646 3135 item
1687 3094 1946 3151 persona
1981 3074 2142 3135 idem
2181 3074 2309 3153 ipse
2347 3072 2664 3145 inuenitur,
2694 3091 2916 3149 nequa-

393 3194 423 3232 2
432 3192 463 3251 5
496 3187 678 3245 quam
706 3167 969 3228 confusis
997 3169 1240 3241 naturis,
1270 3172 1379 3230 sed
1405 3181 1646 3247 propter
1673 3169 2099 3230 adunationem
2128 3188 2283 3245 quae
2309 3171 2468 3229 facta
2494 3180 2585 3229 est
2610 3168 2914 3246 adsumpti

494 3267 571 3327 ad
615 3266 1047 3325 adsumentem.
1134 3263 1183 3325 si
1226 3265 1387 3325 enim
1429 3266 1655 3345 integre
1697 3266 2042 3327 conceditur
2081 3267 2200 3326 hoc
2234 3268 2486 3327 alterum
2523 3285 2653 3326 esse
2693 3266 2770 3326 ab
2811 3263 2916 3327 illo

495 3376 721 3437 natura,
754 3374 814 3423 et
856 3361 1235 3423 manifestum
1273 3362 1415 3439 quia
1450 3366 1700 3441 aequale
1737 3384 1862 3424 non
1892 3376 1980 3425 est
2009 3364 2176 3441 quod
2213 3365 2602 3440 adsumptum
2628 3374 2720 3424 est
2746 3362 2918 3423 adsu-

496 3459 719 3536 menti3
777 3458 1155 3521 manifestum
1205 3460 1347 3539 quia
1403 3460 1565 3521 idem
1610 3459 1738 3539 ipse
1794 3461 2128 3521 inuenietur
2180 3460 2549 3522 adunatione
2602 3478 2915 3538 personae.

498 3560 585 3621 sic
628 3578 767 3635 ergo
812 3556 1077 3634 oportuit
1118 3556 1387 3619 diuidere
1428 3578 1582 3635 quae
1624 3560 1782 3619 circa
1826 3557 2132 3621 Christum
2175 3570 2313 3619 sunt
2330 3582 2348 3636 ;
2403 3558 2529 3620 istis
2571 3558 2730 3619 enim
2774 3559 2921 3620 diui-

394 3674 471 3729 32
499 3656 766 3717 sionibus
815 3656 1174 3715 contrarium
1220 3656 1366 3715 nihil
1416 3668 1524 3730 est,
1571 3658 1722 3717 haec
1771 3656 1932 3717 enim
1977 3659 2226 3717 multam
2283 3658 2464 3718 etiam
2511 3676 2650 3718 curn
2699 3656 2918 3718 diuinis

386 3786 391 3789 ·
497 3755 705 3816 litteris
733 3752 1189 3814 consonantiam
1218 3754 1458 3814 habent.
1545 3755 1632 3815 sic
1668 3774 1866 3831 neque
1903 3764 2244 3815 naturarum
2273 3753 2546 3816 confusio
2573 3756 2691 3829 fiet,
2723 3774 2919 3832 neque

499 3872 789 3930 personae
838 3852 1135 3927 quaedam
1190 3872 1377 3929 praua
1430 3852 1664 3912 diuisio.
1753 3863 1994 3913 maneat
2047 3852 2209 3913 enim
2265 3864 2328 3913 et
2381 3864 2722 3913 naturarum
2769 3853 2922 3914 ratio

500 3949 813 4011 inconfusa
857 3959 916 4007 et
961 3948 1222 4010 indiuisa
1261 3961 1660 4025 cognoscatur
1699 3968 1831 4010 esse
1866 3968 2157 4026 persona;
2199 3950 2347 4009 illud
2383 3949 2632 4026 quidem
2665 3948 2924 4027 proprie-

501 4058 622 4107 tate
665 4057 926 4118 naturae,
972 4044 1167 4105 diuiso
1206 4046 1373 4122 quod
1413 4045 1802 4123 adsumptum
1844 4056 1934 4105 est
1974 4046 2051 4105 ab
2093 4047 2447 4107 adsumente
2465 4069 2483 4123 3
2528 4046 2678 4108 illud
2717 4060 2922 4110 autem

605 4209 663 4257 13
697 4193 779 4242 dic
800 4192 1071 4242 hominem.
1100 4194 1215 4243 dico
1238 4209 1387 4243 conn.
1410 4193 1553 4243 mihi.
1575 4195 1692 4245 dico
1717 4196 1784 4244 D.
1815 4196 1860 4246 C
1921 4196 2004 4245 dic
2024 4196 2094 4256 h„
2123 4197 2330 4247 dicens:
2363 4198 2481 4247 dico
2503 4198 2595 4248 &c.
2631 4198 2684 4248 V
2862 4216 2922 4264 14

500 4275 617 4324 dico
652 4272 767 4347 (sor
787 4272 903 4333 deo)
932 4272 1035 4321 CV
1130 4274 1187 4324 16
1220 4282 1335 4325 sunt
1360 4275 1591 4338 (forest)
1629 4276 1680 4323 V
1765 4288 1822 4337 17
1856 4291 1984 4325 unus
2019 4278 2068 4325 V
2180 4278 2238 4327 18
2261 4278 2347 4342 qui
2372 4275 2464 4341 (αθ)
2487 4292 2566 4326 om
2593 4278 2640 4327 C
2666 4278 2755 4343 qui
2776 4279 2922 4329 salui-

504 4358 679 4407 ficatur
700 4359 785 4423 qui
808 4359 1051 4409 saluificat
1087 4359 1137 4405 V
1152 4358 1161 4419 Ι
1190 4358 1350 4421 etqui
1373 4373 1419 4407 a.
1448 4374 1487 4406 s.
1515 4359 1611 4418 (om
1637 4359 1733 4418 est)
1769 4360 1820 4406 V

668 4461 697 4488 ⁴*
734 4464 864 4512 Phil.
888 4464 942 4513 ii.
966 4480 1013 4529 9.
1150 4464 1185 4519 †
1218 4464 1330 4515 Col.
1359 4465 1392 4515 i.
1428 4468 1503 4515 18.
1640 4469 1673 4525 ζ
1705 4466 1781 4527 [S.
1815 4466 1962 4515 Matt.
1989 4465 2056 4516 iii.
2095 4466 2209 4529 17?]
2341 4468 2370 4527 ἓ
2403 4467 2554 4516 Rom.
2579 4466 2647 4516 ix.
2678 4482 2756 4518 oo.
