3250 5025
491 358 617 420 218
1160 370 1615 425 TnEonoRth
1664 372 2249 425 MOPSUESTENUS
2565 356 2722 441 [ΙΙΙ.
2757 359 2816 433 8,
2843 376 2902 440 9.

618 546 789 603 ‘non
837 550 1150 623 poterunt
1198 542 1309 606 diu
1356 564 1427 606 se
1474 541 1806 606 occultare
1841 542 2243 623 quicumque
2291 550 2448 605 sunt
2489 539 2603 604 illi.
2695 544 2905 606 mani·-

487 642 691 707 sestos
736 654 963 708 autem
1010 646 1210 710 faciet
1270 667 1383 710 eos
1432 655 1717 728 tempuS,
1772 646 1964 709 sicuti
2013 655 2081 709 et
2127 644 2389 708 illorum
2454 643 2904 727 insipientiam

488 748 1140 827 manifestam-faciet
1172 758 1474 833 tempore
1505 748 1974 831 subsequenti!
2063 768 2220 812 nam
2270 749 2450 832 quod
2495 748 2906 831 interrogant

488 850 761 930 quidam
804 852 981 916 unde
1022 855 1267 935 poterit
1307 853 1545 918 beatus
1589 852 1834 917 Paulus
1877 873 2280 937 cognoscere
2323 853 2602 917 nomina
2643 852 2904 917 illorum

422 954 603 1039 5qui
650 954 1032 1019 restiterunt
1081 954 1323 1039 Moysi,
1366 957 1619 1022 multae
1667 954 1991 1021 stultitiae
2045 966 2163 1021 est.
2253 956 2603 1021 ridiculum
2654 958 2903 1023 etenim

489 1065 591 1120 est
655 1059 941 1141 Moysen
998 1061 1272 1144 quidem
1338 1060 1503 1144 [qui]
1567 1070 1760 1127 tanta
1811 1069 1971 1125 ante
2016 1081 2089 1125 se
2135 1060 2311 1124 sacta
2365 1060 2722 1125 uidebatur
2765 1061 2906 1125 edi-

486 1160 668 1223 xisse
708 1161 824 1224 illa
864 1184 1036 1245 quae
1091 1163 1317 1229 multis
1367 1174 1559 1229 erant
1604 1165 1873 1240 incerta,
1903 1164 2258 1227 memorari
2304 1165 2509 1228 etiam
2561 1172 2902 1229 tantorum

483 1286 653 1348 quos
684 1286 883 1331 nemo
913 1276 1073 1331 tunc
1102 1267 1270 1331 scire
1307 1274 1609 1349 poterat;
1661 1265 1940 1330 Paulum
1983 1286 2140 1330 uero
2176 1266 2487 1330 demirari
2527 1265 2584 1329 si
2618 1266 2900 1331 duorum

484 1368 830 1432 hominum
885 1371 1159 1434 nomina
1216 1372 1331 1453 qui
1392 1380 1591 1436 antea
1645 1370 1908 1435 fuerant
1957 1370 2240 1435 ualuerit
2287 1371 2525 1435 dicere.
2615 1391 2768 1434 nam
2835 1380 2904 1435 et

381 1497 459 1545 10
484 1476 849 1541 secundum
912 1474 1339 1539 traditionem
1402 1476 1826 1556 antiquorum
1891 1475 2022 1538 ista
2081 1473 2270 1537 illurn
2317 1474 2486 1539 scire
2537 1473 2702 1538 nihil
2747 1477 2902 1540 noui

483 1580 624 1644 fuit.
713 1578 875 1642 illud
928 1598 1085 1641 uero
1135 1579 1349 1642 notari
1398 1577 1678 1660 dignum
1729 1585 1848 1655 est,
1895 1577 2077 1660 quod
2121 1577 2386 1642 uidetur
2427 1577 2608 1662 apud
2657 1578 2904 1643 multos

482 1684 944 1768 quaestionem
968 1700 1409 1757 commouere,
1441 1672 2014 1762 quemadmodum
2064 1680 2130 1744 in
2161 1682 2611 1765 superioribus
2656 1684 2905 1748 dixerit

483 1788 761 1853 multum
805 1786 1207 1870 prqficiunt,·
1267 1783 1395 1848 hoc
1456 1804 1616 1847 uero
1679 1783 1746 1847 in
1808 1782 1958 1848 loco
2005 1784 2198 1863 dixit,
2248 1782 2366 1847 sed
2405 1806 2530 1848 non
2566 1785 2907 1869 proficient

480 1892 777 1976 amplius.
865 1892 1028 1955 dicit
1086 1897 1311 1954 autem
1374 1891 1501 1954 ista
1559 1908 1694 1953 non
1769 1886 2134 1953 secundum
2209 1906 2411 1951 unam
2488 1887 2905 1971 eandemque

378 2011 449 2082 15
485 1997 841 2075 rationem3
874 1995 1005 2059 illie
1028 1996 1205 2059 enim
1230 1995 1391 2059 dicit
1406 1992 1760 2079 proficient,
1777 1992 1918 2076 †de
1941 1992 2070 2057 illis
2093 1993 2320 2058 dicens
2344 1992 2456 2077 qui
2481 1993 2903 2069 seducuntur,

588 2164 609 2199 1
646 2151 879 2212 poterant
908 2146 953 2194 C
964 2146 1033 2193 Η
1036 2160 1047 2195 :
1084 2150 1167 2193 αἱ
1186 2160 1219 2193 r
1245 2142 1254 2209 Ι
1280 2145 1383 2195 duo
1410 2142 1494 2193 C·
1512 2144 1581 2193 H
1636 2144 1804 2195 denuo
1825 2141 1890 2207 νΙ
1919 2142 1992 2192 illi
2021 2158 2099 2193 om
2121 2142 2190 2197 H
2397 2156 2425 2191 ο
2461 2141 2576 2192 fecit
2606 2142 2651 2191 C
2671 2140 2790 2191 facit
2813 2142 2882 2190 Η
2891 2158 2904 2191 :

481 2234 565 2279 txt
582 2246 615 2277 r
641 2227 650 2293 Ι
679 2235 729 2278 et
754 2226 849 2292 (ast
868 2224 1001 2289 fecit)
1025 2226 1129 2275 add
1144 2243 1176 2276 r
1305 2242 1334 2291 3
1370 2226 1489 2276 facit
1510 2226 1579 2275 H
1635 2240 1752 2275 nam
1775 2225 1862 2291 qui
1881 2226 1929 2274 C
1967 2239 2146 2289 namq:
2173 2224 2257 2274 H:
2290 2230 2373 2273 txt
2391 2240 2424 2273 r
2552 2242 2584 2286 4
2615 2224 2780 2289 potuit
2805 2224 2871 2272 Η
2876 2240 2908 2273 r

484 2322 513 2372 5
547 2307 755 2371 dignum
782 2305 881 2370 (qft
900 2303 1063 2369 stult.)
1087 2306 1193 2353 add
1205 2305 1247 2354 C
1257 2322 1290 2354 r
1522 2302 1555 2354 6
1588 2304 1792 2369 Moyses
1815 2304 1859 2353 C
1870 2306 1939 2353 Η
1951 2322 1963 2355 =
1997 2310 2079 2353 txt
2099 2319 2132 2352 r
2155 2302 2164 2367 Ι
2193 2305 2280 2369 qui
2301 2321 2380 2355 om
2407 2306 2452 2355 C
2461 2307 2530 2354 Η
2533 2321 2566 2354 r
2589 2303 2598 2369 Ι
2627 2306 2854 2355 uideatur
2877 2322 2908 2352 r

487 2400 513 2452 7
550 2386 695 2436 multi
718 2386 785 2435 Η
970 2386 1002 2434 8
1034 2386 1161 2434 scire
1182 2400 1261 2433 om
1284 2385 1353 2433 Η
1548 2397 1581 2449 9
1612 2392 1730 2433 ante
1767 2398 1800 2431 r
2011 2398 2066 2433 11
2105 2390 2280 2433 notatu
2303 2400 2336 2433 r
2361 2382 2371 2447 Ι
2399 2384 2580 2434 multas
2601 2401 2634 2434 r
2846 2398 2912 2433 η

483 2484 686 2521 mouere
709 2484 742 2518 r

484 2553 553 2603 Η
572 2549 582 2617 Ι
608 2557 881 2617 sequuntur
907 2548 1023 2614 (sor
1042 2549 1363 2610 seducuntur)
1390 2566 1423 2599 r

552 2693 599 2740 3.
694 2674 829 2740 quod
864 2673 1177 2738 imm-agant
1217 2669 1444 2736 quidam]
1533 2669 1645 2720 The

485 2757 735 2808 reference
757 2757 799 2807 is
822 2756 1038 2820 perhaps
1056 2761 1109 2803 to
1127 2753 1316 2817 Origen
1337 2753 1395 2802 in
1412 2753 1467 2801 S.
1488 2752 1644 2801 Matr.

490 2853 613 2904 117:
642 2845 671 2868 “
687 2839 825 2904 quod
852 2838 937 2898 ait,
964 2837 1097 2886 sicut
1118 2837 1305 2885 [annes
1328 2842 1375 2886 et
1394 2835 1647 2884 Mambres

485 2923 780 2972 restitemnt
798 2919 947 2978 Most,
970 2933 1072 2968 non
1095 2917 1347 2967 inuenitur
1361 2917 1414 2966 in
1431 2916 1646 2981 publicis

484 2999 755 3066 scripturis,
784 3001 872 3050 sed
895 3000 947 3048 in
968 2999 1099 3047 libro
1132 3004 1323 3047 secreto
1356 2997 1441 3062 qui
1474 3013 1642 3062 supra-

485 3082 719 3134 scribitur
755 3081 830 3131 ⁸1.
854 3089 904 3131 et
938 3081 1015 3130 M.
1048 3077 1255 3130 liber.’''
1321 3080 1401 3130 cf.
1435 3079 1642 3142 Chrys:

484 3165 587 3214 πῶς
609 3165 661 3212 δὲ
682 3163 840 3212 αὐτῶν
862 3164 928 3211 τὰ
952 3161 1169 3220 ὀνόματα
1202 3162 1411 3220 οὐδαμοῦ
1442 3163 1642 3224 ἐμφέρε-

484 3264 567 3296 ται
601 3247 852 3306 ἀλλαχοῢ;
898 3241 931 3304 ἢ
964 3241 1233 3306 ἀγράφως
1263 3244 1572 3305 παρεδέδοτο,
1614 3240 1650 3302 ἢ

486 3321 596 3375 ἀπὸ
622 3325 721 3373 τοῦ
750 3325 1080 3381 πνεύματος
1106 3323 1227 3372 εἰκὸς
1261 3317 1319 3382 ἦν
1354 3321 1525 3370 εἰδέναι
1558 3323 1643 3370 τὸν

488 3407 699 3455 Παῦλον.
772 3403 1028 3467 Similarly
1050 3404 1233 3453 Thdt.:
1266 3405 1331 3452 τὰ
1354 3404 1515 3462 μέντοι
1538 3399 1642 3453 τοὺ·

486 3503 582 3536 των
625 3487 839 3546 ὀνόματα
882 3488 969 3534 οὐκ
1014 3486 1071 3534 ἐκ
1124 3486 1209 3544 τῆς
1266 3486 1395 3533 θείας
1448 3487 1644 3548 γραφῆς

485 3567 759 3630 μεμάθηκεν
792 3569 819 3619 ὁ
848 3571 893 3618 θ.
926 3567 1033 3628 ἀτη,
1074 3565 1180 3617 ἀλλ’
1218 3569 1273 3617 ἐκ
1306 3569 1391 3627 τῆς
1422 3562 1643 3629 ἀγράφου

486 3654 582 3702 τῶν
611 3650 855 3702 Ἰουδαίων
896 3651 1223 3700 διδασκαλίας·
1264 3651 1388 3699 εἰκὸς
1426 3649 1478 3698 δὲ
1511 3647 1644 3710 αὐτῷ’

486 3733 568 3782 καί
588 3737 677 3795 τὴν
710 3731 850 3796 χάριν
884 3729 1200 3794 ἀποκαλύψαι
1235 3731 1321 3779 τοῦ
1354 3731 1641 3788 πνεύματος.

486 3815 693 3879 Among
714 3816 799 3865 the
824 3815 1013 3874 LatinS,
1036 3814 1284 3864 Ambrstr.
1310 3812 1505 3864 follows
1528 3813 1644 3864 Ori-

484 3897 623 3963 gen's
678 3897 962 3962 conjecture
1016 3894 1368 3960 (“exemplum
1425 3895 1522 3944 hoc
1578 3895 1644 3944 de

484 3978 783 4044 apocryphis
806 3986 881 4028 est
894 3977 963 4038 '’),
988 3977 1089 4026 and
1109 3975 1341 4027 Sedulius
1364 3976 1501 4026 Scot.
1529 3975 1644 4025 bids

483 4058 562 4108 his
596 4059 794 4108 readers
829 4057 1013 4108 choose
1052 4058 1279 4106 between
1316 4055 1506 4120 Origen
1542 4055 1644 4104 and

486 4141 661 4204 Chrys.
689 4139 791 4205 (2):
856 4145 887 4168 ‘⁴
906 4139 1088 4188 Paulus
1144 4138 1351 4204 protulit
1404 4137 1510 4188 siue
1554 4154 1644 4203 per

484 4219 745 4286 Spiritum,
764 4221 870 4270 sine
894 4236 983 4285 per
1003 4218 1232 4285 peritiam
1256 4219 1465 4268 aliarum
1487 4219 1640 4283 scrip·

484 4300 758 4349 turarurn.”
824 4299 965 4349 Th.’s
1000 4315 1114 4349 own
1154 4299 1281 4348 view
1318 4299 1361 4348 is
1401 4299 1640 4357 obscure;

482 4383 548 4432 he
570 4383 753 4446 pushes
775 4381 861 4433 the
883 4381 1113 4445 question
1136 4381 1273 4430 aside
1294 4397 1347 4430 as
1378 4381 1644 4444 unworthy

484 4463 542 4512 os
558 4465 744 4514 serious
766 4463 1147 4514 consideration.

888 2482 945 2529 ¹4
978 2482 1159 2517 uanam
1184 2482 1295 2517 eam
1318 2466 1535 2532 denique
1560 2465 1674 2530 (χόν
1693 2480 1844 2516 anam
1867 2464 2196 2531 eandemque)
2227 2464 2296 2516 C‘
2311 2468 2381 2518 Η
2383 2483 2415 2517 r

2645 2478 2699 2529 15
2735 2467 2906 2519 dicent

1817 2683 1890 2718 n.
1952 2669 2012 2718 in
2027 2668 2385 2734 superioribus]
2419 2669 2478 2719 C.
2499 2670 2551 2719 ii.
2575 2669 2652 2732 16,
2675 2677 2794 2720 note
2811 2671 2901 2731 (cf.

1745 2749 1814 2800 iii.
1843 2751 1938 2812 13).
1993 2755 2006 2778 ‘
2023 2750 2133 2799 The
2155 2750 2424 2800 assertions
2447 2753 2531 2801 ἐπὶ
2547 2753 2714 2801 πλεῖον
2729 2753 2901 2814 προκό·

1747 2834 1932 2895 ψουσιν,
1957 2829 2012 2880 οὗ
2041 2831 2368 2893 προκόψουσιν
2393 2833 2474 2881 ἐπὶ
2497 2834 2682 2891 πλεῖον,
2707 2849 2791 2883 are
2811 2841 2903 2884 not

1742 2913 2127 2976 contradictory‚
2161 2920 2339 2978 except
2379 2913 2432 2963 in
2473 2913 2629 2972 form3
2669 2915 2745 2965 for
2783 2916 2904 2981 they

1741 3009 1826 3044 are
1859 2995 2007 3045 made
2035 2993 2166 3044 from
2204 2995 2434 3045 different
2467 2997 2634 3062 points
2669 2997 2728 3048 of
2755 2999 2899 3048 view.

1745 3075 1883 3125 Such
1935 3075 2190 3126 deceivers
2236 3075 2364 3126 shall
2413 3077 2561 3128 make
2606 3093 2674 3128 no
2719 3079 2903 3145 lasting

1742 3171 1986 3221 progressa
2025 3156 2219 3222 though
2263 3157 2340 3208 sor
2382 3173 2413 3207 a
2457 3159 2580 3209 time
2624 3158 2743 3224 they
2785 3175 2900 3224 may

1743 3239 1952 3289 succeed
1999 3239 2050 3289 in
2094 3239 2325 3304 swelling
2367 3239 2452 3290 the
2489 3241 2640 3290 ranks
2679 3241 2737 3290 of
2775 3241 2904 3291 their

1741 3321 2010 3386 disciples;
2049 3321 2136 3371 the
2167 3323 2364 3386 growth
2397 3322 2502 3372 will
2532 3325 2598 3373 be
2630 3324 2902 3375 numerical

1745 3403 1910 3453 rather
1931 3403 2052 3453 than
2075 3402 2217 3453 real.’
2271 3404 2407 3453 Both
2424 3405 2601 3468 Chrys.
2625 3406 2724 3454 and
2744 3405 2900 3456 Thdt.

1743 3487 1870 3536 raise
1899 3487 2000 3537 this
2029 3487 2188 3552 point,
2223 3487 2315 3536 but
2342 3485 2472 3536 their
2503 3487 2826 3552 explanation
2859 3488 2902 3539 is

1742 3577 1831 3618 not
1855 3569 1992 3632 quite
2009 3569 2094 3618 the
2110 3584 2275 3628 same3
2303 3568 2457 3618 Thdt.
2484 3567 2632 3635 (e.g.)
2651 3581 2788 3634 says:
2817 3566 2905 3620 οὐκ

1741 3653 1958 3701 ἐναντίω
1993 3653 2046 3702 δὲ
2078 3653 2219 3702 τοῦτο
2253 3654 2351 3703 τοῖς
2375 3650 2588 3716 πρόσθεν
2621 3653 2896 3716 εἰρημένοις.

1741 3733 1845 3782 ἐκεῖ
1882 3729 1983 3796 ’γὰρ
2029 3735 2160 3795 περὶ
2196 3732 2384 3783 αὐτῶν
2425 3737 2540 3798 ἔφη,
2580 3739 2655 3786 ὅτι
2689 3739 2772 3788 ἐπὶ
2813 3741 2900 3788 πλ.

1742 3829 1884 3874 τροις.
1929 3811 2229 3876 ἀσεβείας.
2310 3817 2520 3866 ἐνταῦθα
2564 3819 2618 3866 δὲ
2663 3821 2772 3882 περὶ
2817 3821 2903 3879 τῆς

1742 3891 1901 3944 αὖτόῖν
1933 3897 2242 3957 τολμωμένης
2272 3894 2626 3958 ἆτάτης...ἇ.ντὶ
2659 3901 2769 3950 τοῦ·
2818 3903 2904 3950 ‘oo

1741 3977 1974 4036 λήσουσιν
2015 3994 2161 4038 μεχρι
2203 3979 2392 4029 πολλοῦ
2433 3979 2902 4042 συσχηματιζόμενοι

1741 4057 1831 4115 τὴν
1867 4053 2153 4120 εὐσέβειαν)
2217 4059 2486 4110 Primasius
2519 4061 2668 4122 (after
2712 4063 2900 4128 Pelag.,

1742 4137 1911 4188 whose
1939 4139 2138 4204 printed
2172 4147 2274 4191 text
2303 4141 2346 4192 is
2379 4143 2498 4193 here
2530 4152 2582 4194 at
2613 4145 2756 4206 fault)
2789 4163 2902 4211 sug-

1741 4225 1877 4281 gests
1915 4217 2126 4268 another
2164 4235 2276 4284 way
2311 4221 2370 4271 of
2395 4224 2800 4282 reconciliatiom
2847 4225 2900 4274 in

1742 4299 1830 4349 the
1871 4307 2073 4364 present
2116 4317 2326 4367 passage
2366 4304 2450 4355 the
2495 4306 2596 4370 Ap.
2648 4311 2796 4356 “non
2837 4307 2900 4358 de

1742 4381 1975 4431 omnibus
2005 4381 2266 4434 haereticis
2299 4385 2436 4446 dicit,
2468 4389 2557 4436 sed
2587 4389 2651 4438 de
2684 4389 2762 4438 his
2796 4398 2900 4440 tan-

1743 4471 1850 4514 tum
1873 4481 1999 4530 quos
2022 4473 2138 4517 mne
2162 4467 2262 4518 cito
2285 4469 2472 4520 destrui
2495 4471 2873 4536 praeuidebat.’‘
