3250 5025
336 413 787 464 FRAGMENTS
834 412 928 463 OF
974 411 1127 461 THE
1174 409 1567 462 DOGMATIC
1612 411 1878 462 WORKS
1927 412 2020 464 OF
2067 413 2494 464 THEODORE.
2566 415 2692 483 337

278 588 428 652 sicut
476 608 640 648 nunc
682 599 871 649 terrae
918 589 1140 648 fructus
1178 585 1418 664 inquirit
1436 610 1454 662 3
1504 597 1564 648 et
1602 605 1711 664 pro
1757 585 2053 665 supplicio
2090 585 2351 665 pristinis
2389 587 2693 649 fraudatus

277 684 503 746 deliciis
544 686 657 745 hac
694 683 1215 746 aerumnosissima
1254 681 1836 762 laboriosissimaque
1876 685 2330 747 conuersatione
2359 688 2687 748 mulctatur.

274 784 438 843 unde
464 784 544 844 ad
571 793 940 862 postremum
972 792 1409 860 consequenter
1443 782 1690 845 adiecit:
1731 785 1872 860 quia
1915 789 2074 844 terra
2104 805 2164 844 es
2196 793 2254 844 et
2287 786 2588 845 reuerteris
2629 785 2692 845 in

275 890 493 940 terram
505 882 559 954 ὓ,
592 880 732 942 hinc
760 879 943 941 etiam
972 879 1393 941 mortalitatem
1422 895 1667 941 naturae
1705 880 2075 958 significans3
2115 902 2240 943 non
2280 881 2442 943 enim
2475 882 2692 945 inmor-

274 978 377 1039 tali
418 990 478 1040 et
524 999 685 1039 nunc
718 977 973 1056 primum
1012 977 1322 1056 incipienti
1364 978 1723 1040 sententiam
1760 979 1966 1040 mortis
2009 979 2514 1057 excipere—sicut
2543 981 2692 1059 sapi·
2760 991 2791 1053 5

274 1077 563 1138 entissimi
632 1077 975 1138 defensores
1042 1075 1275 1154 peccati
1332 1074 1649 1154 originalis,
1706 1077 1895 1139 immo
1949 1078 2149 1155 potius
2203 1091 2400 1158 patres
2456 1081 2691 1157 peccati

274 1174 585 1248 mirabileS,
630 1175 1434 1236 adseuerant—uocabulum
1474 1174 1592 1235 hoc
1638 1178 1654 1208 ‘
1673 1175 1886 1235 terrae'
1927 1176 2309 1254 composuit;
2357 1179 2463 1238 sed
2506 1188 2573 1238 ut
2613 1179 2693 1239 ab

269 1275 517 1336 exordio
556 1274 896 1335 naturaliter
937 1275 1151 1335 effecto
1194 1273 1427 1334 mortali
1468 1272 1937 1352 adpellationem
1983 1274 2138 1334 hanc
2175 1293 2498 1353 congruere
2540 1274 2690 1336 iudi-

272 1374 431 1435 cauit
479 1371 687 1435 diuina
734 1372 1039 1452 scriptura,
1089 1373 1207 1432 hoc
1258 1374 1335 1433 de
1377 1370 1722 1432 hominibus
1763 1373 2124 1432 uocabulum
2165 1373 2244 1433 ad
2285 1371 2692 1434 ostensionem

271 1473 667 1552 corruptibilis
698 1484 757 1534 et
784 1472 1116 1534 resolubilis
1144 1490 1350 1532 eorum
1378 1481 1621 1532 naturae
1650 1469 1886 1548 saepius
1915 1471 2253 1532 adsumens.
2337 1490 2476 1531 nam
2517 1492 2692 1533 recor·
2724 1491 2798 1532 10

270 1572 443 1630 datus
468 1579 550 1630 est
574 1569 813 1649 (inquit)
841 1571 983 1646 quia
1004 1571 1213 1646 puluis
1237 1589 1466 1638 sumus‚·
1506 1570 1687 1642 homo,
1723 1569 2090 1644 st'cutsenum
2129 1569 2246 1628 dies
2283 1570 2419 1643 eius,
2461 1575 2516 1628 et
2551 1571 2699 1629 sicut

252 1669 375 1744 flos
412 1671 564 1746 agri,
608 1671 693 1728 ita
716 1669 959 1747 florebit
969 1691 999 1740 ,·
1038 1670 1181 1744 quia
1207 1670 1451 1746 ,cpin'tus
1460 1668 1868 1744 pertransiuit
1889 1668 1953 1726 in
1979 1685 2055 1740 ee,
2085 1673 2142 1726 et
2163 1687 2276 1726 non
2303 1668 2420 1726 erit
2443 1669 2696 1743 amplius

269 1769 419 1828 locus
452 1768 573 1827 eius
585 1772 635 1841 †.
722 1768 852 1827 uult
888 1777 1089 1826 autem
1132 1765 1329 1827 dicere
1372 1765 1537 1842 quod
1578 1763 1989 1841 corruptibiles
2019 1775 2079 1825 et
2105 1762 2454 1825 resolubiles
2482 1784 2692 1825 omnes

271 1885 495 1940 summ,
538 1865 601 1925 in
638 1865 887 1926 modum
924 1863 1048 1924 feni
1086 1882 1403 1941 parumper
1428 1861 1693 1923 florentis
1734 1859 2156 1939 pereuntisque
2191 1871 2330 1938 post
2358 1861 2659 1938 paululum
2674 1885 2690 1936 3

270 1983 413 2024 nam
440 1964 520 2024 ad
549 1963 730 2022 breue
759 1961 1001 2039 quidem
1032 1971 1270 2038 tempus
1306 1959 1491 2019 uitam
1532 1957 1824 2032 ducimuS,
1860 1957 1936 2017 ad
1975 1976 2100 2018 non
2134 1956 2513 2018 existendum
2549 1978 2693 2019 uero
2727 1981 2796 2042 15

271 2061 559 2138 deinceps
601 2059 851 2120 omnino
892 2057 1293 2137 peruenimuS.
1380 2056 1467 2116 sic
1503 2066 1563 2116 et
1598 2055 1938 2115 Abraham:
1983 2073 2076 2130 ego
2101 2073 2231 2113 sum
2264 2052 2507 2133 (inquit)
2536 2061 2696 2114 terra

270 2179 341 2218 ac
368 2158 574 2234 cimlrss,
611 2176 723 2236 pro
764 2176 840 2217 eo
888 2176 958 2216 ac
1002 2154 1051 2215 si
1092 2153 1343 2215 diceret:
1392 2158 1542 2214 ‘non
1584 2171 1716 2212 sum
1760 2150 1974 2228 dignus
2015 2169 2154 2210 cum
2184 2161 2352 2211 tanto
2382 2153 2521 2212 Deo
2549 2170 2693 2212 con-

270 2257 456 2335 loqui,
503 2257 690 2318 homo
735 2257 925 2316 factus
970 2273 1005 2314 e
1049 2263 1218 2325 terra,
1277 2261 1338 2313 et
1392 2248 1760 2311 omnimodis
1803 2249 1920 2309 hoc
1963 2251 2230 2309 futurus!
2312 2247 2498 2326 magis
2551 2269 2693 2328 ergo

272 2354 471 2416 dicere
515 2352 722 2416 debuit
768 2350 938 2430 ‘quia
984 2361 1139 2411 terra
1179 2348 1292 2410 eris
1335 2358 1395 2409 et
1438 2347 1499 2406 in
1542 2359 1760 2405 terram
1805 2345 2150 2418 reuerteris,'
2195 2344 2488 2422 siquidem
2533 2365 2695 2409 nunc

272 2451 527 2531 primurn
556 2452 721 2510 fieret
751 2459 960 2509 natura
987 2444 1269 2506 mortalis.
2723 2475 2797 2515 20

1844 2630 1927 2651 --q

1131 2741 1301 2800 Phot.
1348 2740 1473 2800 bibl.
1522 2740 1654 2799 cod.
1710 2758 1837 2814 177.

397 2873 601 2959 [λέγει]
633 2874 731 2935 α’π’
757 2874 937 2957 ἀρχῆς
962 2878 1071 2955 μὲν
1098 2878 1306 2954 θνητὸν
1331 2874 1670 2939 πεπλάσθαι
1697 2877 1797 2937 τᾶν
1823 2875 2024 2956 Ἀδάμ,
2051 2878 2279 2949 ἐνδείξει
2309 2877 2368 2937 δὲ
2387 2874 2579 2955 μόνον,
2605 2876 2696 2938 ἵνα

272 2970 615 3052 μισήσωμεν
634 2972 739 3049 τήν
760 2971 1057 3053 ἁμαρτίαν·
1085 2976 1445 3055 σχηματίσαι
1466 2973 1577 3057 [δὲ]
1602 2974 1775 3037 οὕτως
1796 2975 1896 3033 τόν
1917 2974 2046 3034 θεὸν
2066 2974 2138 3038 οἷς
2167 2974 2257 3033 διὰ
2285 2973 2391 3051 τήν
2416 2973 2696 3054 ἁμαρτίαν

273 3066 400 3127 ἀντὶ
426 3070 692 3147 τιμωρίας
722 3070 1056 3130 ἐπιτέθειται
1082 3070 1115 3128 ὅ
1144 3070 1395 3134 θάνατος.

1294 3260 1445 3319 Ibid.
1494 3263 1672 3337 infra.

400 3398 499 3460 δύο
539 3398 775 3475 α’φέσεις
815 3398 1099 3476 ἁμαρτιῶν
1141 3398 1282 3458 εἶναι
1309 3396 1539 3480 [λέγει],
1569 3397 1675 3475 τήν
1699 3400 1804 3476 μὲν
1831 3400 1941 3457 τῶν
1969 3400 2392 3480 πεπραγμένων,
2423 3401 2526 3477 τὴν
2552 3400 2686 3461 δὲ...

277 3497 455 3577 αὐτ-ἤν
479 3498 585 3576 τήν
611 3495 1041 3575 ἅιάμαρτησίαν
1060 3496 1187 3573 ἤτοι
1214 3495 1279 3555 τδ
1305 3496 1508 3573 μηκέτι
1534 3493 2122 3574 ἅμαρτείνειν...ὅπερ’.
2137 3494 2394 3573 ..ἄφεσιν
2414 3495 2697 3575 ἁμαρτιῶν
2724 3523 2754 3561 2
2764 3519 2796 3579 5

276 3598 501 3659 τελείαν
543 3596 637 3655 καὶ
678 3592 1022 3673 κυριωτάτην
1062 3595 1157 3655 καὶ
1196 3591 1495 3671 αναίρεσιν
1523 3596 1692 3653 καλεῖ
1717 3590 1994 3672 ἁμαρτίας
2019 3597 2294 3672 παντελῆ.
2309 3642 2320 3655 .
2336 3595 2564 3676 ,ἤρξατο
2590 3600 2697 3675 μὲν

282 3692 511 3772 (φησὶν)
542 3690 606 3775 [ἤ
634 3688 865 3766 τοιαύτη
885 3688 1169 3769 ἅμαρτιῶν
1185 3688 1416 3773 ἄφεσις]
1441 3690 1858 3769 ἐμφανίζεσθαι
1877 3687 1993 3749 σῘπό
2017 3694 2118 3767 τῆς
2139 3692 2280 3751 κατὰ
2299 3690 2398 3753 τόν
2416 3693 2697 3769 δεσπότην

280 3790 535 3870 Χριστόν
552 3790 887 3869 οἰκονομίας
903 3787 996 3847 καὶ
1022 3791 1082 3848 ἐν
1108 3785 1440 3866 ἅρραβῶνος
1468 3786 1604 3866 ἡμῖν
1633 3786 1892 3849 δίδοσθαι
1917 3786 2102 3858 τάξει·
2148 3788 2361 3851 δίδοται
2383 3790 2444 3851 δὲ
2470 3793 2697 3855 τελείως

279 3912 372 3947 και
414 3885 502 3947 ἐπ’
541 3884 732 3950 αυτοῖς
774 3887 959 3967 ἔργοις
998 3888 1058 3945 ἐν
1084 3888 1155 3965 τῇ
1180 3911 1326 3963 μετα
1351 3910 1457 3962 την
1482 3884 1804 3946 ἀνάστασιν
1828 3884 2311 3961 ἅποκαταστασει,
2344 3886 2483 3967 ὑπὲρ
2508 3887 2576 3967 ἧς
2604 3890 2697 3950 ἵνα

278 3988 533 4065 τύχωμεν
573 3983 667 4043 καὶ
704 3980 866 4061 ημεΐς
908 3982 1002 4042 καὶ
1040 4008 1113 4043 τα
1154 3983 1355 4061 βρεφη
1403 3980 1848 4060 βαπτιζόμεθα..
1863 3979 2078 4044 ,ουκέτι
2119 3982 2354 4065 (φησὶν)
2402 4011 2548 4062 μετα
2591 3986 2696 4062 τήν
2725 4004 2804 4062 30

279 4079 602 4141 α’ναστασιν
627 4077 1087 4158 αμαρτ-ησόμεθα.

380 4286 411 4329 ⁴
442 4263 913 4329 haec...significant
939 4278 977 4312 n
1176 4272 1203 4324 7
1224 4260 1343 4311 huic
1368 4258 1483 4325 (for
1502 4258 1617 4323 hoc)
1645 4259 1672 4307 b
1687 4276 1729 4323 g
1775 4257 1785 4322 1
1833 4260 2074 4323 imposuit
2099 4274 2136 4307 n
2333 4263 2366 4311 8
2403 4262 2639 4314 indicauit
2660 4284 2704 4331 g

287 4362 343 4410 15
378 4353 433 4396 ut
468 4345 566 4396 iam
590 4343 807 4395 diximus
832 4341 947 4405 (sor
966 4342 1123 4392 uitam
1146 4338 1393 4403 ducimus)
1420 4356 1457 4389 n

480 4488 507 4513 ⁵
543 4489 673 4539 Gen.
698 4487 769 4537 iil.
802 4500 873 4551 17.
1150 4484 1183 4540 ἦ·
1210 4488 1289 4536 Ps.
1316 4485 1398 4536 cii.
1426 4485 1573 4546 (ciii.)
1604 4502 1659 4547 15
1684 4502 1754 4549 sq.
2019 4488 2052 4544 ,ἵ
2088 4486 2216 4536 Gen.
2251 4486 2384 4537 xviii.
2419 4502 2498 4552 27.

460 4610 511 4660 S.
561 4608 634 4661 11.
1314 4666 1318 4671 ,
2441 4614 2522 4659 22
