3250 5025
515 352 603 421 74

1186 352 1646 404 THEODORUS
1692 352 2279 405 MOPSUESTENUS

2772 340 2851 426 [1.
2888 316 2943 424 ς’.

515 535 790 612 scendit,
822 554 956 599 non
988 542 1213 599 tamen
1245 555 1366 617 per
1394 534 1578 599 illam
1611 533 1827 617 ipsam
1874 534 2373 617 generationem
2420 557 2461 600 a
2508 536 2736 600 Dauid
2785 536 2945 602 utri-

515 662 648 723 que
692 648 1052 717 uenerunt;
1099 640 1214 703 sed
1265 639 1659 703 Matthaeus
1705 641 1790 703 ad
1839 640 2041 703 aliam
2088 640 2553 723 genealogiam
2594 664 2682 705 ex
2718 642 2944 706 Dauid

517 745 940 808 descendisse
995 746 1272 820 uidetur,
1327 744 1548 807 Lucas
1609 766 1769 808 uero
1829 745 1916 808 ad
1979 747 2182 810 aliam
2236 758 2508 811 coactus
2568 756 2671 811 est
2719 748 2945 810 uenire

518 851 984 921 narrationem,
1047 850 1134 913 ab
1195 848 1324 912 illis
1397 850 1901 932 quaestionibus
1977 871 2148 933 quae
2225 859 2384 914 tunc
2459 850 2566 913 uel
2644 851 2946 914 maxime

455 956 772 1023 Smoueri
823 954 1239 1019 uidebantur.
1328 954 1506 1036 quod
1570 954 1775 1017 etiam
1838 955 2223 1017 cautissime
2283 955 2430 1038 quis
2486 956 2651 1017 scire
2702 955 2949 1037 poterit

521 1058 1136 1140 interpretationem
1171 1067 1468 1122 nostram
1503 1059 1875 1131 decurrens
1910 1079 2114 1142 quam
2148 1060 2232 1123 de
2266 1060 2632 1141 euangeliis
2664 1079 2944 1141 expres-

520 1162 682 1223 sisse
728 1162 853 1223 uisi
902 1182 1144 1225 sumus,

1257 1172 1326 1225 et
1371 1161 1600 1224 dicens
1649 1162 1761 1223 illa
1806 1182 1979 1244 quae
2025 1162 2517 1226 conueniebant
2564 1164 2945 1245 praecipere

521 1264 632 1339 eis,
675 1274 743 1327 et
791 1285 831 1327 a
878 1265 1120 1346 quibus
1166 1286 1237 1328 se
1284 1264 1590 1328 cohibere
1638 1263 1976 1341 deberent,
2019 1265 2184 1329 dicit
2237 1267 2713 1347 compendiose
2773 1287 2946 1349 quae

522 1369 879 1430 emendare
911 1386 1064 1430 eum
1102 1364 1222 1450 [in]
1259 1366 1566 1431 fidelibus
1599 1367 1969 1445 uidebatur,
2003 1368 2097 1432 ita
2129 1378 2204 1433 ut
2248 1369 2667 1451 diligentiam
2714 1390 2941 1434 eorum

417 1482 497 1529 10
522 1470 902 1535 adhiberet:

632 1624 806 1707 finis
837 1624 1104 1707 (inquit)
1125 1626 1450 1710 praecepti
1473 1637 1571 1691 est
1595 1628 1855 1703 caritas,
1887 1648 1966 1689 ex
1994 1625 2235 1689 mundo
2262 1626 2445 1690 corde
2472 1636 2536 1689 et
2560 1626 2942 1692 conscientia

524 1728 685 1793 bona
707 1738 768 1790 et
776 1728 921 1811 fide
949 1750 1073 1793 non
1086 1728 1275 1811 ficta.

655 1856 1070 1938 ‘praecipere
1114 1864 1340 1918 autem
1387 1864 1456 1918 te
1499 1854 1606 1917 uel
1655 1852 1954 1917 maxime
2006 1854 2205 1937 cupio
2257 1853 2399 1932 illis,
2448 1855 2628 1937 quod
2676 1864 2745 1918 et
2788 1852 2943 1917 finis

525 1969 627 2023 est
681 1970 946 2023 nostrae
997 1960 1357 2036 doctrinae,
1413 1968 1486 2022 ut
1539 1958 1890 2021 discedant
1937 1958 2025 2021 ab
2075 1958 2257 2020 omni
2311 1959 2703 2040 quaestione
2748 1978 2943 2035 uana,

421 2074 492 2141 15
527 2084 659 2128 non
693 2066 1043 2128 intendant
1073 2085 1230 2128 uero
1273 2065 1402 2127 illis
1442 2065 1557 2147 qui
1589 2062 1892 2127 fabulosa
1934 2064 2268 2145 quaedam
2316 2084 2581 2126 narrare
2622 2062 2943 2145 cupiunt;

525 2167 780 2232 saluam
826 2190 981 2233 uero
1023 2179 1224 2253 atque
1266 2170 1593 2253 integram
1638 2171 1983 2233 caritatem
2030 2188 2187 2249 erga
2232 2189 2656 2232 communem
2706 2168 2945 2231 Domi-

526 2292 687 2335 num
720 2273 1116 2350 custodiant,
1149 2274 1401 2337 mundo
1433 2273 1634 2337 corde
1664 2282 1732 2335 et
1762 2272 2058 2355 perfecta
2095 2271 2539 2337 conscientia!
2622 2282 2690 2336 et
2720 2280 2943 2335 osten-

629 2487 649 2523 1
686 2488 778 2538 per
797 2473 886 2523 illa
906 2473 1014 2538 ipsa
1035 2473 1355 2538 generatione
1383 2472 1500 2524 CH
1552 2488 1647 2538 pro
1670 2474 1756 2524 διο.
1788 2490 1821 2523 r
1844 2470 1853 2538 Ι
1883 2474 1945 2524 ad
1971 2474 2037 2523 D.
2064 2473 2236 2540 utique
2262 2489 2295 2523 r

2472 2488 2505 2540 9
2536 2472 2805 2524 emendare
2826 2486 2943 2523 eum

525 2555 612 2605 fid.
637 2556 842 2605 uidebat
869 2556 910 2605 C
929 2557 997 2604 H
1053 2571 1148 2604 em.
1176 2570 1292 2605 cum
1317 2555 1403 2604 fid.
1428 2555 1529 2606 uid.
1559 2571 1620 2605 r:
1656 2563 1734 2605 txt
1754 2556 1881 2619 conj.
1904 2556 2081 2621 Jacobi

599 2764 638 2798 1.
731 2755 828 2812 per
850 2746 993 2795 illam
1013 2747 1170 2810 {psam
1185 2746 1572 2810 generationem]
1591 2747 1689 2796 See

527 2845 608 2879 vv.
634 2829 688 2879 11.
760 2828 872 2878 The
896 2829 996 2878 Gk.
1025 2844 1186 2878 seems
1210 2836 1263 2878 to
1291 2829 1420 2878 have
1441 2831 1598 2879 been:
1636 2827 1689 2877 οὐ

527 2910 694 2971 μέντοι
727 2913 806 2962 διὰ
837 2916 922 2960 τοῦ
969 2910 1113 2960 αὑτοῦ
1151 2913 1259 2974 [the
1290 2914 1557 2962 translator
1594 2913 1689 2962 has

529 2997 742 3046 misread
770 3012 828 3045 or
857 2996 1224 3046 mistranslated
1265 2997 1352 3046 the
1388 3013 1596 3062 passage
1634 3011 1689 3045 as

529 3077 574 3126 if
601 3079 639 3127 it
662 3079 760 3126 had
785 3079 930 3128 stood
953 3075 1102 3127 αὐτοῦ
1132 3079 1242 3140 τοῦ]
1281 3077 1445 3142 ιγένους
1477 3077 1574 3128 ἀπὸ
1603 3074 1691 3128 τοῦ

529 3157 699 3217 napta,
731 3157 877 3203 ma..

597 3255 644 3302 3.
710 3237 781 3287 ad
807 3238 962 3286 aliam
995 3243 1188 3286 coactus
1217 3245 1299 3296 est,
1329 3237 1442 3298 δία]
1499 3236 1682 3299 Comp.

531 3320 739 3370 Cramer
759 3319 812 3368 ii.
846 3335 937 3384 32:
972 3319 1310 3381 προσηκόντως
1347 3320 1398 3367 δὲ
1429 3319 1456 3367 δ
1482 3320 1570 3376 μὲν
1601 3313 1694 3366 τοῦ

532 3402 658 3451 κατὰ
696 3403 859 3462 φύσιν,
900 3398 927 3450 ὃ
957 3402 1008 3450 δὲ
1043 3398 1132 3449 τοῦ
1167 3401 1294 3449 κατὰ
1333 3397 1480 3459 νόμον
1508 3401 1714 3462 ‘turpes‘

529 3481 790 3542 μέμνηται,
829 3483 906 3531 ἴνα
943 3483 1156 3542 δείξωσιν
1187 3481 1269 3532 ,ὅτι
1302 3483 1352 3542 ἐξ
1397 3479 1688 3544 ἀμφοτέρων

529 3563 626 3614 τῶν
648 3565 1004 3626 πατέρων...εἰς
1026 3567 1111 3615 τὸν
1149 3567 1306 3628 Δαβὶδ
1340 3562 1599 3626 ἀνατρέχει
1633 3561 1688 3612 τό

528 3650 683 3710 γένος·
735 3646 844 3697 ὅθεν
881 3648 978 3698 τῶν
1014 3649 1095 3696 δύο
1132 3649 1355 3710 πατέρων
1391 3648 1454 3696 εἰς
1491 3644 1578 3696 τὸν
1625 3649 1683 3696 Δ.

527 3729 905 3792 ἀνατρεχόντων,
932 3731 1012 3778 καὶ
1043 3728 1293 3778 Ἰουδαίων
1327 3729 1412 3777 καὶ
1439 3725 1689 3786 Ἑλλήνων

530 3813 677 3862 πᾶσιν
699 3811 983 3875 περιῄρηται
1007 3811 1116 3873 [Cr.
1149 3808 1468 3871 περιεὶρηται]
1506 3804 1687 3868 ἀμφισ·

528 3891 733 3956 βήτησις
758 3893 837 3940 καὶ
861 3891 992 3939 ἅπαν
1013 3889 1307 3940 σκάνδαλον.

597 3973 644 4024 6.
711 3989 864 4038 quam
897 3973 954 4022 de
983 3989 1163 4037 euang.
1195 3980 1330 4037 cxpr.
1358 3972 1460 4021 uisi
1487 3971 1552 4034 s.]
1603 3972 1687 4023 On

531 4057 617 4105 the
639 4056 868 4120 question
891 4056 1116 4105 whether
1139 4055 1235 4104 Th.
1257 4062 1412 4103 wrote
1427 4069 1492 4102 on
1511 4054 1579 4103 all
1601 4053 1688 4103 the

530 4136 642 4186 four
658 4136 888 4201 Gospels,
917 4151 1000 4185 see
1035 4134 1288 4184 Fritzsche
1320 4135 1378 4184 de
1423 4135 1519 4184 Th.
1553 4151 1606 4184 u.
1642 4141 1691 4184 et

529 4231 640 4274 scr„
663 4231 749 4282 pp.
775 4216 952 4280 63—4‚
983 4219 1063 4279 84.

599 4309 643 4362 7.
712 4295 1180 4359 dt‘cens...deberent]
1249 4297 1402 4347 Cited
1443 4297 1513 4362 by
1551 4296 1685 4346 Lan-

527 4379 841 4439 franc,.who
885 4379 1118 4430 however
1166 4379 1457 4430 substitutes
1505 4383 1537 4408 ‘⁸
1557 4379 1683 4428 diui-

530 4457 698 4510 dens'’
735 4461 812 4511 for
846 4461 1022 4520 dicens,
1051 4461 1151 4511 and
1195 4457 1568 4510 “debuerant’'
1609 4458 1687 4510 for

1784 2748 2025 2799 deberent.

1850 2847 1900 2898 9.
1966 2847 2093 2896 quae
2118 2830 2392 2888 emendare,
2416 2829 2529 2890 &cd
2576 2828 2727 2879 Some
2754 2843 2941 2877 correc-

1786 2910 1892 2959 tion
1916 2909 1957 2959 is
1980 2909 2165 2975 clearly
2186 2925 2460 2974 necessary.
2523 2909 2549 2958 1
2573 2910 2700 2958 have
2722 2907 2945 2972 adopted

1785 2993 1895 3041 that
1948 2992 2199 3056 proposed
2256 2991 2324 3054 by
2370 2992 2447 3039 Dr
2488 2990 2681 3054 Jacobi,
2732 2989 2941 3038 without

1786 3074 1938 3137 being
1976 3076 2115 3137 quite
2150 3071 2371 3121 satisfied
2409 3072 2477 3135 by
2515 3071 2569 3121 it.
2644 3071 2867 3134 Perhaps
2898 3069 2948 3119 εἰ

1788 3154 1846 3202 in
1854 3153 1907 3216 f.
1932 3153 2115 3202 should
2136 3153 2201 3202 be
2224 3153 2344 3202 read
2365 3152 2443 3201 for
2464 3169 2575 3200 eum
2585 3151 2637 3214 f.

1856 3253 1875 3286 1
1891 3253 1932 3286 1.
2011 3253 2073 3287 ex
2106 3238 2292 3286 mundo
2330 3235 2491 3298 corde]
2561 3235 2628 3285 Ο.
2646 3235 2725 3293 L.,
2760 3232 2935 3298 Vulg„

1792 3318 1828 3343 “
1845 3319 1909 3366 de
1932 3319 2081 3368 corde
2103 3315 2282 3382 pur0.”

1856 3412 1931 3461 13.
1982 3397 2118 3462 finis
2153 3403 2224 3446 est
2270 3402 2465 3445 nostrae
2505 3394 2679 3457 doctu]
2736 3395 2812 3459 By
2854 3391 2942 3452 τῆς

1784 3483 2123 3544 παραγγελίας
2162 3480 2258 3530 Th.
2302 3479 2487 3544 rightly
2514 3476 2845 3528 understands
2882 3477 2935 3528 S.

1787 3566 1910 3615 Paul
1940 3574 1994 3614 to
2026 3579 2174 3613 mean
2209 3563 2295 3611 the
2328 3560 2563 3624 teaching
2584 3559 2643 3608 of
2666 3559 2751 3608 the
2776 3560 2942 3623 Apos-

1784 3648 1878 3696 tlae
1913 3645 1965 3695 in
2002 3644 2223 3710 general,
2268 3641 2459 3705 though
2496 3649 2585 3690 not
2628 3639 2839 3688 without
2875 3654 2941 3688 an

1784 3728 1997 3778 allusion
2038 3736 2090 3776 to
2125 3727 2212 3775 the
2249 3739 2337 3774 use
2382 3723 2441 3772 os
2476 3719 2843 3784 παραγγέλλειν
2887 3719 2941 3769 in

1783 3828 1831 3861 v.
1860 3827 1906 3875 3.
1979 3812 1993 3835 ⁶
2015 3810 2041 3858 I
2064 3809 2190 3858 wish
2212 3807 2329 3857 thee
2362 3814 2415 3856 to
2438 3803 2609 3868 enjoin
2641 3804 2749 3853 that
2776 3803 2941 3852 which

1781 3890 1825 3940 is
1848 3891 1933 3940 the
1955 3889 2054 3940 end
2071 3889 2173 3938 and
2196 3887 2295 3936 aim
2318 3885 2379 3936 os
2404 3885 2473 3935 all
2498 3883 2751 3934 Christian
2772 3882 2940 3932 tench-

1783 3971 1886 4036 ing,
1924 3970 2055 4029 love,
2098 3967 2301 4031 flowing
2331 3966 2461 4016 from
2505 3964 2673 4029 purity
2715 3963 2776 4013 of
2800 3963 2943 4012 heart

1782 4055 1883 4104 and
1902 4069 1932 4102 a
1948 4051 2081 4116 good
2105 4049 2429 4102 conscience)
2484 4047 2571 4104 So,
2586 4047 2639 4096 in
2656 4047 2936 4105 substance,

1782 4136 1870 4186 the
1906 4135 2050 4184 other
2086 4133 2187 4183 Gk.
2220 4135 2641 4188 commentators3
2692 4126 2936 4191 Pelagius,

1784 4231 1851 4265 on
1881 4215 1968 4264 the
2002 4212 2147 4262 other
2168 4210 2324 4266 hand,
2350 4209 2521 4258 thinks
2556 4206 2739 4271 chiefly
2770 4207 2829 4256 of
2856 4207 2944 4258 the

1784 4295 1981 4345 Mosaic
2004 4293 2115 4355 law,
2151 4291 2317 4342 which
2340 4290 2425 4340 the
2444 4289 2703 4354 Judaizers
2724 4289 2943 4339 abused:

1786 4374 1960 4440 “finis
1968 4371 2462 4438 praecepti...caritas
2497 4369 2596 4419 Dei
2624 4375 2676 4418 et
2706 4368 2938 4433 proximi,

1784 4457 1835 4507 in
1858 4469 1958 4521 qua
1978 4459 2086 4504 tota
2107 4452 2187 4503 lex
2212 4451 2395 4517 pendet
2420 4457 2468 4501 et
2492 4446 2821 4515 prophetae.”
