3250 5025
454 345 575 412 232
1122 342 1577 396 THEODORUS
1629 340 2114 395 MOPSUESTEN
2126 342 2214 395 us
2413 329 2560 411 [IV.
2595 318 2871 393 20—22'.

597 504 1016 601 Trophimmiz
1048 503 1265 582 uutem
1298 517 1537 601 reliqui
1560 518 1742 601 apud
1763 518 2073 582 Miletum
2107 517 2468 602 infirmum.

586 634 1029 720 Trophimum
1072 658 1231 704 uero
1271 641 1455 722 quod
1501 640 1645 723 ipse
1687 636 2133 703 infirmantem
2178 637 2513 721 reliquerit
2561 634 2872 701 Miletum

456 739 831 805 insinuauit.
922 742 1165 823 quibus
1193 742 1399 807 adicit
1428 764 1442 808 :

568 896 829 981 festina
855 906 1006 961 ante
1031 896 1301 962 hiemem
1332 898 1565 961 uenire.

349 1052 362 1062 ·
393 1027 425 1095 5
586 1016 832 1082 deinde
860 1016 1191 1101 significat
1230 1018 1523 1082 scribens
1560 1016 1619 1081 ei
1651 1016 1968 1101 quoniam
1999 1024 2068 1081 et
2099 1014 2332 1081 fratres
2371 1014 2667 1080 salutant
2701 1034 2875 1090 eum,

457 1120 683 1185 dicens
711 1142 728 1187 ε

582 1278 880 1343 salutant
907 1290 965 1345 te
992 1280 1299 1345 Eubulus
1334 1289 1398 1344 et
1422 1278 1732 1344 Prudens
1767 1288 1832 1343 et
1861 1277 2082 1342 Linus
2107 1287 2172 1342 et
2203 1275 2498 1355 Claudia,
2529 1285 2592 1340 et
2613 1275 2878 1360 fratres

455 1404 686 1448 omnes.

568 1502 833 1583 fratres
892 1499 1161 1586 (inquit)
1220 1522 1436 1565 omnes
1454 1526 1482 1577 ,·
1558 1522 1674 1565 eos
1747 1502 1909 1566 dicit
1966 1500 2081 1585 qui
2154 1500 2384 1583 utique
2439 1520 2524 1565 eo
2575 1506 2877 1583 tempore

354 1622 435 1670 10
458 1604 721 1668 Romae
771 1612 978 1668 erant.
1065 1613 1135 1668 et
1192 1602 1343 1667 illos
1401 1604 1674 1687 quidem
1728 1623 1898 1686 quos
1948 1605 2190 1670 affectu
2241 1605 2502 1669 iunctos
2551 1604 2678 1668 sibi
2731 1624 2877 1667 esse

457 1707 770 1773 cernebat
814 1709 1209 1773 nominatim
1255 1707 1538 1773 eredidit
1580 1710 2088 1790 memorand083
2135 1718 2392 1774 eeteros
2439 1729 2596 1773 uero
2643 1708 2877 1771 fratres

459 1816 528 1876 in
559 1816 898 1878 communi
943 1814 1347 1879 salutatione
1392 1814 1914 1898 comprehendit.
2002 1822 2072 1879 et
2115 1814 2406 1898 primum
2452 1813 2724 1897 quidem
2756 1832 2876 1895 pro

458 1917 606 2001 ipso
635 1917 999 1983 Timotheo
1028 1938 1243 1995 oram,
1271 1919 1501 1983 dicens
1528 1938 1545 1983 ε

585 2071 887 2137 dominus
915 2072 1100 2136 Iesus
1131 2069 1433 2137 Christus
1459 2091 1605 2135 cum
1635 2069 1874 2155 spiritu
1905 2078 2029 2135 tuo·

353 2206 423 2275 15
586 2200 740 2277 post
769 2190 899 2256 hoc
928 2211 1090 2256 uero
1121 2199 1441 2256 consueto
1472 2189 1605 2283 fine
1635 2188 1887 2254 claudit
1917 2187 2270 2272 epistolam
2299 2212 2314 2252 :

575 2347 810 2431 gratia
844 2345 990 2431 (ait)
1024 2346 1366 2411 nobiscum.
1454 2366 1659 2410 amen.

586 2468 653 2530 in
700 2464 831 2530 fine
874 2474 1195 2531 consueta
1236 2465 1641 2530 salutatione
1686 2463 1891 2529 etiam
1937 2462 2229 2547 seipsum
2273 2461 2402 2526 illis
2434 2462 2692 2528 censuit
2721 2481 2877 2528 con-

456 2571 961 2638 numerandum.

2583 2747 2612 2799 7
2645 2740 2698 2784 et
2721 2734 2878 2783 Linus

2663 2830 2722 2879 ¹3
2755 2815 2878 2866 dicit

2057 2752 2086 2801 5
2121 2738 2338 2788 salutent
2361 2737 2427 2786 H

1979 2833 2032 2869 11
2069 2818 2280 2869 cenabat
2305 2818 2410 2881 (sic)
2441 2817 2484 2866 C
2497 2815 2526 2840 ⁴*

590 2759 618 2793 ἰ
654 2743 943 2808 relinquen-it
968 2760 1001 2793 r
1182 2759 1211 2808 3
1244 2742 1424 2793 cecidit
1459 2742 1585 2806 (χόν
1602 2739 1778 2800 adicit)
1799 2739 1868 2788 H

456 2841 533 2875 om
556 2825 621 2873 H
644 2823 653 2888 Ι
680 2823 865 2874 eludia
892 2822 959 2874 θ’
1101 2837 1162 2874 ιο
1195 2823 1391 2874 uinctos
1422 2823 1541 2888 (for
1558 2822 1774 2881 iunctos)
1789 2820 1858 2869 H

463 2908 508 2957 C
528 2908 677 2968 (corr)
701 2924 734 2957 r
931 2904 991 2956 16
1024 2905 1094 2956 ait
1115 2922 1194 2956 om
1216 2923 1249 2956 r
1276 2905 1285 2970 Ι
1312 2906 1572 2956 uobiscum
1594 2921 1628 2954 r

531 3067 574 3102 ι.
642 3050 784 3116 apud
810 3051 887 3102 M.
927 3051 1214 3116 infirmum]
1278 3051 1453 3118 vulg„
1494 3055 1527 3080 ⁸‘
1544 3051 1617 3101 in·
1717 3049 1844 3100 both
1884 3065 1975 3100 our
2014 3049 2207 3108 MSS.;
2251 3049 2338 3100 the
2374 3063 2509 3099 error
2545 3049 2588 3100 is
2621 3047 2879 3100 doubtloes

458 3131 659 3182 firmum
682 3130 899 3182 Mileti.”
942 3133 1044 3182 For
1063 3131 1619 3197 infirmantem=dcoe·

460 3215 637 3263 νοῦντα
658 3213 714 3275 (1.
736 3211 785 3277 2)
807 3214 871 3264 cs.
898 3215 1118 3276 Κὸιιεοὴ,
1137 3216 1292 3277 Itala,
1311 3231 1364 3280 p.
1386 3229 1497 3280 370,
1518 3215 1619 3264 and

464 3307 501 3346 1.
528 3310 615 3361 pp.
646 3297 756 3356 228,
785 3295 821 3346 l.
855 3297 931 3355 18,
957 3311 1069 3362 2²9·
1094 3295 1127 3348 1.
1155 3299 1203 3347 8.

528 3387 575 3439 7.
630 3377 863 3426 salutant
888 3384 946 3438 te,
974 3377 1093 3440 δια]
1156 3379 1397 3428 Salutant
1446 3376 1491 3427 is
1535 3377 1622 3427 the

461 3457 671 3522 reading
704 3456 761 3508 of
795 3457 1091 3522 Vulg.⁰10m·;
1126 3461 1175 3508 Α
1182 3475 1271 3516 m.,
1309 3459 1477 3520 Fuld„
1518 3459 1622 3507 and

461 3555 589 3589 even
612 3539 741 3590 Cod.
766 3539 921 3604 Aug„
948 3540 1193 3604 although
1217 3541 1281 3590 its
1312 3539 1482 3590 Greek
1515 3547 1621 3594 text

460 3619 601 3684 gives
657 3617 971 3682 dardanae,
1029 3621 1187 3670 retain
1242 3622 1329 3671 the
1382 3621 1615 3685 singular.

460 3703 561 3753 Th.
589 3703 836 3767 probably
861 3702 964 3751 had
996 3700 1269 3766 ἀσπάζεται
1301 3702 1354 3752 in
1386 3717 1622 3752 common

460 3783 585 3832 with
608 3784 693 3833 the
714 3783 861 3833 other
881 3783 980 3833 Gk.
1012 3782 1343 3848 interpreters.
1394 3783 1623 3832 Prudens

462 3864 539 3914 sor
562 3865 761 3916 Rcdcns
789 3877 961 3914 occurs
991 3862 1045 3913 in
1080 3863 1211 3913 Rab.
1245 3878 1303 3914 as
1334 3863 1449 3914 well
1482 3879 1537 3912 as
1570 3863 1621 3912 in

1720 3133 1818 3183 dne
1837 3142 1889 3182 to
1910 3147 1977 3182 an
1998 3131 2136 3195 early
2156 3130 2330 3180 scribe.

1792 3231 1867 3277 14.
1925 3214 1976 3262 d.
2017 3214 2156 3262 Iesus
2187 3212 2436 3274 Christus]
2503 3211 2576 3262 So
2607 3211 2694 3262 the
2728 3213 2878 3262 Latin

1723 3296 1960 3358 venicus,
1986 3295 2088 3346 and
2119 3295 2204 3346 the
2239 3294 2342 3346 Gk.
2377 3301 2484 3346 text
2515 3311 2572 3345 as
2604 3294 2793 3344 known
2825 3301 2880 3344 to

1724 3376 1903 3440 Chrys.
1926 3377 2026 3426 and
2049 3375 2206 3425 Thdt.

1795 3457 1868 3508 16.
1968 3455 2240 3518 nobiscum]
2350 3456 2422 3507 So
2485 3457 2625 3514 Am„
2691 3457 2845 3506 Fuld.
2857 3472 2880 3516 ,·

1722 3537 2014 3604 Vulg.01⁸m·,
2055 3543 2087 3568 “
2102 3537 2416 3588 uobiscum.”
2481 3539 2595 3589 The
2628 3555 2878 3589 commen·

1723 3622 1872 3670 taries
1922 3619 1982 3668 of
2023 3619 2202 3683 Chrys».
2247 3619 2348 3669 and
2391 3618 2547 3668 Thdt.
2593 3620 2730 3669 shew
2773 3621 2881 3670 that

1725 3705 1845 3768 they
1887 3703 2007 3753 read
2049 3703 2157 3762 μεθ’
2200 3703 2349 3763 ἡμῶν.
2434 3702 2513 3753 Cf.
2557 3702 2756 3766 Chrys-t
2803 3706 2882 3751 ml

1724 3779 1880 3844 ἐαυτῷ
1899 3780 2070 3832 >norror
2093 3782 2371 3844 ἐπεύχεται.
2421 3781 2600 3830 Thdt.:
2623 3783 2880 3842 συνέταξεν

1727 3867 1808 3914 καὶ
1829 3862 1997 3914 ἑαυτόν
2019 3865 2090 3916 εἰς
2112 3865 2202 3925 τὴν
2224 3864 2480 3924 μετουσίαν
2503 3859 2588 3923 τῆς
2609 3860 2821 3926 χάριτος.
