3250 5025
418 370 551 439 244
1090 370 1549 423 THEononus
1597 369 2186 423 MoPsUEsTENUs
2454 356 2532 441 [Ι.
2573 364 2842 436 13—152

418 538 549 603 hoc
600 540 779 605 idem
834 538 901 607 in
932 542 1285 625 prouerbio
1330 542 1509 624 apud
1558 563 1674 606 eos
1719 542 2084 620 dicebatur,
2129 544 2298 609 sicut
2343 551 2412 607 et
2459 539 2673 607 multa
2711 537 2842 603 alia

420 644 601 727 apud
651 644 965 727 antiquos
1016 644 1151 709 dici
1200 641 1523 721 solebant,
1563 644 1744 728 quod
1797 666 1919 709 usu
1972 646 2128 729 ipso
2164 666 2206 709 a
2249 645 2535 729 posteris
2579 644 2648 707 in
2689 660 2842 725 pro-

421 747 723 811 uerbium
758 745 1161 811 dicebatur.*
1206 746 1319 809 lcoc
1350 746 1615 829 (inquit)
1651 747 2088 812 testimonium
2120 770 2346 812 uerum
2376 758 2515 825 est,·
2560 747 2690 811 hoc
2721 754 2840 821 est,

422 870 653 912 uerum
684 858 787 913 est
827 848 1035 929 illud;
1082 850 1169 913 de
1213 849 1642 913 Cretensibus
1690 850 1944 915 dictum
1986 860 2090 916 est
2131 852 2218 915 ab
2259 850 2484 934 aliquo
2515 850 2630 934 qui
2660 850 2840 934 apud

357 954 574 1031 5illos
634 952 891 1017 dudum
954 972 1239 1034 magnus
1306 972 1450 1014 esse
1526 953 2022 1019 aestimabatur.
2114 954 2276 1018 ‘hoc
2350 955 2530 1017 idem
2607 954 2844 1017 adsero

426 1056 693 1141 (inquit)
740 1064 809 1119 et
854 1077 983 1139 ego
1028 1056 1114 1118 de
1160 1056 1339 1137 ipsiS,
1372 1076 1452 1118 eo
1498 1056 1679 1138 quod
1723 1056 2040 1139 dogmate
2077 1058 2376 1122 ueritatis
2424 1058 2676 1121 nullam
2723 1078 2843 1119 ex·

424 1160 727 1243 pendunt
757 1157 1291 1236 sollicitudinem,
1324 1160 1439 1221 sed
1472 1160 1804 1223 contrario
1837 1161 2191 1224 intendunt
2224 1162 2584 1225 mendaciis
2615 1182 2843 1225 eorum

426 1264 541 1346 qui
571 1285 660 1327 ex
685 1263 1181 1327 circumcisione
1211 1272 1385 1340 sunt,
1413 1264 1524 1346 qui
1560 1264 1722 1327 nihil
1756 1286 1987 1329 uerum
2009 1268 2246 1330 docere
2277 1287 2392 1330 eos
2422 1264 2845 1331 adnituntur.’

427 1366 586 1448 quid
622 1387 779 1448 ergo
811 1366 949 1429 fieri
980 1366 1181 1430 debet
1212 1365 1340 1430 illis
1371 1369 1484 1450 qui
1515 1367 1684 1432 tales
1715 1371 1916 1434 sunt?

326 1542 406 1589 10
558 1518 633 1580 ob
678 1536 874 1597 quam
920 1534 1185 1578 causam
1236 1534 1441 1595 argue
1484 1536 1585 1577 eos
1637 1516 2045 1594 uehementer,
2097 1529 2172 1580 ut
2215 1518 2371 1582 sani
2404 1519 2544 1582 sint
2582 1518 2652 1589 in
2679 1518 2844 1601 fide,

428 1640 553 1683 non
586 1618 974 1683 intendentes
1011 1618 1307 1683 Iudaicis
1332 1620 1597 1701 sabulis
1634 1630 1698 1684 et
1736 1621 2072 1686 mandatis
2109 1622 2447 1687 hominum
2487 1620 2607 1705 qui
2631 1622 2853 1685 auersi

426 1734 583 1789 sunt
608 1744 652 1787 a
682 1723 967 1787 ueritate.

562 1852 1016 1917 ‘uehementer
1038 1850 1308 1935 (inquit)
1336 1873 1609 1935 arguere
1635 1874 1750 1917 eos
1775 1862 1848 1916 ut
1873 1852 1938 1916 in
1971 1853 2101 1917 fide
2133 1874 2296 1917 sana
2328 1854 2701 1935 persistant,
2726 1872 2846 1914 nec

430 1960 519 2023 ab
564 1958 693 2021 illis
736 1956 1138 2020 seducantur
1166 1957 1282 2038 qui
1324 1955 1581 2020 fabulas
1619 1955 1945 2038 quasdam
1993 1967 2061 2019 et
2091 1956 2528 2020 deliramenta
2559 1953 2846 2017 referunt

326 2075 399 2142 15
432 2065 819 2148 composita,
840 2062 1159 2125 docentes
1182 2080 1297 2123 eos
1319 2060 1534 2141 legem
1560 2079 1849 2137 seruare;
1879 2060 2056 2142 quod
2082 2060 2472 2122 mandatum
2498 2056 2843 2120 hominum

432 2180 535 2235 est
578 2188 807 2233 eorum
853 2165 969 2248 qui
1016 2164 1279 2227 ueritati
1322 2164 1598 2226 minime
1648 2162 2019 2239 intendunt,
2069 2172 2137 2225 et
2188 2162 2403 2243 legem
2451 2158 2684 2223 nolunt
2730 2178 2848 2239 per

432 2273 564 2339 Dei
612 2289 868 2336 cessare
926 2264 1365 2333 sententiam.³
1452 2265 1698 2329 deinde
1742 2273 1811 2328 et
1857 2264 2177 2328 aduersus
2222 2266 2403 2331 dicta
2439 2264 2702 2328 illorum
2749 2265 2848 2327 in-

431 2397 707 2460 surgens
737 2374 1022 2439 adiecit:

558 2525 779 2590 omnia
805 2523 1063 2608 quidem
1095 2521 1341 2586 munda
1374 2520 1640 2584 mundis
1661 2543 1690 2594 ,·
1738 2519 2172 2602 coinquinatis
2201 2541 2350 2584 uero
2392 2530 2456 2584 et
2484 2521 2852 2606 irfidelibus

318 2644 405 2694 20
431 2631 607 2696 nihil
628 2630 961 2706 mundum,
992 2629 1111 2691 sed
1128 2626 1543 2708 coinquinata
1571 2634 1669 2688 est
1692 2645 1910 2688 eorum
1939 2635 2004 2688 et
2031 2646 2210 2688 mens
2235 2636 2299 2689 et
2323 2627 2716 2691 conscientia.

558 2756 699 2840 †eo
730 2757 913 2840 quod
945 2777 1102 2840 erga
1132 2775 1431 2820 escarum
1466 2755 1988 2837 insumptionem
2018 2753 2408 2838 scrupuloso
2435 2775 2636 2838 agere
2665 2755 2850 2819 uide·

428 2955 541 3022 καὶ
584 2959 713 3022 τῶν
759 2956 907 3024 τότε
950 2959 1031 3043 τῇ
1084 2959 1267 3044 φωνῇ
1310 2955 1742 3044 κεχρημένων,
1789 2955 2016 3045 ὥσπερ
2069 2955 2182 3022 οὖν
2223 2956 2330 3023 καὶ
2379 2956 2572 3045 ἕτερα
2615 2955 2848 3022 πολλὰ

428 3064 560 3126 τῶν
614 3060 800 3149 παρὰ
860 3065 995 3131 τοῖς
1052 3061 1349 3151 ἀρχαίοις
1408 3061 1778 3149 φερομένων
1835 3062 1905 3127 ἐν
1963 3061 2349 3149 παροιμίαις
2406 3059 2646 3149 χρήσει
2711 3063 2850 3128 τοῖς

432 3167 705 3254 ὕστερον
756 3165 1022 3249 ἐγένετο.

320 3301 359 3348 2
368 3300 399 3367 5
562 3272 783 3358 ἐπειδὴ
821 3273 977 3359 περὶ
1014 3269 1103 3340 τὰ
1135 3269 1466 3359 βρώματα
1503 3267 2103 3356 ἀκριβολογεῖσθαι
2141 3259 2420 3347 ἐδόιὲουν,
2453 3265 2536 3337 ὥς
2565 3265 2648 3334 ἂν
2678 3267 2850 3335 κατὰ

530 3445 560 3478 2
594 3427 812 3494 antiquis
838 3423 917 3477 C*
938 3427 1009 3476 H
1196 3437 1223 3488 5
1256 3441 1465 3489 magnas
1492 3425 1537 3475 C
1729 3421 1762 3473 6
1793 3424 2031 3488 dogmate
2059 3422 2104 3472 C
2119 3422 2188 3470 H
2195 3439 2228 3470 r
2251 3419 2262 3484 Ι
2291 3421 2483 3470 nullum
2511 3419 2590 3470 C*
2825 3433 2851 3484 7

432 3529 461 3562 e
484 3518 642 3562 contr.
666 3529 698 3560 r
982 3511 1013 3559 8
1046 3507 1287 3558 adnititur
1314 3507 1392 3558 C*
1418 3507 1485 3556 II
1736 3521 1768 3571 9
1801 3506 1950 3555 debet
1974 3505 2061 3570 qui
2087 3503 2205 3567 (for
2223 3504 2274 3552 d.
2299 3503 2398 3552 illis
2421 3501 2525 3568 qui)
2549 3503 2619 3552 H
2671 3503 2852 3553 debeat

432 3594 597 3659 quiar
619 3591 629 3658 Ι
660 3593 733 3642 illi
759 3590 871 3658 (ast
899 3589 1033 3655 sunt)
1055 3591 1162 3640 add
1175 3591 1243 3639 H
1256 3605 1289 3638 r
1526 3603 1582 3651 13
1616 3588 1734 3637 ueh.
1757 3603 1863 3652 arg.
1889 3603 1974 3637 eos
1998 3585 2250 3651 praecepit
2278 3583 2391 3650 (sor
2411 3585 2524 3634 ueh.
2549 3585 2712 3650 inquit
2747 3601 2852 3649 arg.

432 3675 539 3738 eos)
562 3693 595 3724 r
619 3674 629 3740 Ι
658 3690 723 3724 ne
746 3673 863 3737 (sor
880 3673 994 3734 nec)
1017 3690 1050 3722 r
1237 3687 1297 3734 14
1329 3671 1658 3721 liberamenta
1685 3669 1762 3721 C*
1786 3670 1873 3720 II:
1907 3677 1990 3719 txt
2009 3685 2044 3718 κ
2225 3679 2298 3731 17,
2337 3671 2392 3718 18
2425 3668 2856 3718 deinde...adiecit

432 3774 511 3807 om
535 3775 568 3806 r
736 3757 793 3804 18
826 3754 980 3804 adicit
1008 3754 1055 3804 C
1215 3765 1275 3819 19
1307 3753 1512 3818 quidam
1542 3752 1652 3803 C*:
1683 3767 1762 3803 om
1785 3769 1818 3800 r
1993 3765 2058 3801 *ιο
2089 3751 2228 3815 quod
2249 3749 2512 3815 inquinata
2533 3750 2649 3814 (for
2665 3751 2856 3815 coinq.)

440 3837 519 3889 C*
543 3839 611 3888 II
660 3837 856 3903 polluta
885 3853 919 3886 r
1110 3849 1173 3899 25
1208 3851 1283 3900 sq.
1318 3833 1474 3885 Coisl.
1513 3850 1625 3896 204,
1665 3833 1700 3884 s.
1735 3837 1830 3884 228
1868 3851 1900 3883 a
1938 3833 2044 3896 [Cr.
2083 3831 2167 3882 vii.
2208 3847 2290 3897 93,
2327 3833 2412 3880 Fr.
2459 3831 2572 3895 158]
2607 3833 2852 3895 θεόδωρος.

434 3918 588 3970 ἄλλος
611 3919 779 3982 φησίν·
803 3914 986 3977 ἐπειδή,
1014 3918 1160 3966 xer-R.

506 4066 585 4102 10.
616 4047 1163 4114 arguenmehementer]
1176 4043 1597 4109 ἔλεγχε...ἇποτό-
1702 4045 1734 4094 l.
1787 4042 1850 4108 ι).
1917 4044 2266 4094 Deliramenta
2283 4059 2305 4102 ;
2339 4043 2564 4102 Ro'nsch,
2603 4044 2756 4104 Itala,
2801 4062 2850 4110 p.

434 4151 550 4195 μως.
628 4131 779 4182 Latin
802 4131 1041 4192 versions‚
1062 4128 1597 4193 “increpa...acriter'’
1701 4139 1782 4188 23.
1850 4123 1931 4174 Cf.
1957 4136 2022 4174 11.
2045 4141 2096 4188 p.
2125 4138 2180 4184 71
2209 4139 2284 4188 sq.

434 4229 479 4264 s.
511 4210 740 4262 “dure-'⁸
810 4211 916 4274 Qui
944 4210 1115 4259 auersi
1138 4217 1295 4266 suun
1327 4209 1479 4259 Latin
1510 4225 1595 4258 au·
1769 4221 1847 4270 19.
1902 4206 2076 4254 omnia
2111 4203 2334 4269 quidem]
2399 4203 2563 4253 πάντα
2597 4205 2705 4264 μέν.
2789 4206 2860 4256 So

435 4291 681 4351 thoi-ines,
723 4305 863 4340 more
905 4289 1165 4353 correctly,
1210 4293 1242 4316 ‘⁸
1258 4289 1594 4340 anei-santium
1698 4287 1896 4351 Chrys„
1935 4287 2124 4348 Thdt.;
2170 4287 2256 4337 the
2293 4285 2443 4336 Latin
2475 4287 2702 4336 versions
2733 4287 2860 4338 omit

436 4377 497 4438 (s.
524 4371 874 4432 auertendum)
898 4369 1005 4420 se.”
1695 4369 1910 4434 quidem.

508 4471 584 4520 13.
628 4451 858 4518 arguere]
927 4450 1026 4500 Ins.
1052 4453 1128 4501 sor
1164 4451 1285 4516 imp.
1313 4453 1373 4510 (1.
1400 4468 1449 4516 p.
1477 4461 1587 4514 307,
1763 4466 1844 4500 αι.
1901 4449 2314 4514 insumptionem]
2382 4449 2481 4498 See
2507 4447 2636 4498 lexx.
2716 4449 2862 4498 with
