3250 5025
312 411 436 478 -VI
464 429 528 493 4,
563 409 648 496 5.]
1013 423 1097 476 IN
1147 423 1252 476 ΕΡ.
1299 424 1400 474 AD
1449 407 1915 477 TIMOT'HEUM
1964 425 2012 478 1.
2056 405 2065 414 ‘
2610 399 2733 493 '127'

306 597 536 677 malae,
580 599 998 664 contentiones
1028 598 1369 665 hominnm
1407 610 1776 683 corruptam
1824 579 2095 666 montem
2136 577 2511 666 hab-entium
2533 575 2537 580 ⁴
2561 596 2729 683 [qus]

288 703 620 785 fraudati
641 726 686 768 a
714 705 987 770 ueritate
1013 715 1184 782 sunt,
1211 705 1733 770 existimantium
1762 714 2101 789 quaestum
2130 724 2259 770 esse
2271 703 2603 788 pietatem.

436 830 862 915 †efficiuntur
894 833 1049 898 hinc
1097 833 1406 911 inuidiae,
1449 853 2003 916 unumquemque
2033 832 2455 897 inuidentem
2482 831 2581 896 illi
2613 827 2733 916 qui

306 946 530 1020 potest
565 938 1150 1024 qualibetratione
1191 939 1260 1002 in
1291 937 1596 1003 doctrina
1629 938 1881 1018 uideri3
1932 936 2117 1002 rivae
2157 937 2363 1002 etiam
2410 937 2591 1021 [cum
2638 938 2729 1002 ad

307 1041 459 1105 lites
492 1042 958 1124 proferuntur3
1004 1053 1072 1108 et
1103 1042 1531 1124 blasphemiae
1558 1050 1805 1120 autem,
1837 1041 2018 1125 cum]
2052 1041 2341 1126 plurima
2372 1039 2732 1125 loquuntur
2760 1031 2794 1108 5.

307 1165 398 1209 ex
459 1145 561 1211 his
626 1168 800 1230 quae
846 1147 1046 1231 *loqui
1106 1167 1242 1212 non
1302 1146 1733 1219 conueniunt,
1788 1147 2090 1210 maxime
2148 1167 2301 1211 cum
2348 1154 2425 1209 -et
2472 1144 2572 1208 illi
2616 1142 2732 1227 qui

309 1250 503 1314 nobis
543 1271 678 1314 non
719 1260 876 1316 sunt
915 1271 1306 1315 communes
1337 1251 1404 1316 in
1443 1249 1584 1314 fide
1615 1248 2090 1333 blasphemant
2120 1269 2242 1314 nos
2283 1259 2352 1314 et
2392 1247 2733 1332 inquirunt

307 1353 628 1418 aduersus
658 1375 780 1420 nos
811 1377 1048 1420 causas
1079 1356 1297 1420 otiose
1327 1354 1717 1420 existentes,
1808 1353 2022 1437 fitque
2054 1375 2153 1418 aex
2191 1354 2323 1418 hoc
2364 1351 2734 1416 necessarie

309 1463 386 1519 ut
445 1455 694 1522 malam
755 1457 842 1523 de
894 1459 1087 1523 nobis
1132 1458 1428 1524 habeant
1471 1459 1919 1542 suspicionem
1960 1459 2265 1523 maxime
2316 1457 2385 1522 hi
2432 1458 2545 1540 qui
2600 1456 2735 1521 fide

308 1558 504 1623 nobis
551 1562 764 1626 exteri
797 1572 973 1643 sunt,
1007 1562 1156 1627 illos
1185 1584 1359 1629 :uero
1389 1561 1697 1647 diligant,
1728 1553 2047 1629 oblectati
2084 1564 2303 1627 uerbis
2344 1563 2479 1626 suis
2504 1583 2521 1642 ;
2560 1581 2732 1646 quos
2767 1569 2844 1632 xo

309 1669 378 1724 et
440 1662 684 1729 imitari
737 1676 1099 1750 properant
1150 1666 1270 1754 illa
1331 1676 1611 1750 agentes
1671 1687 1848 1750 quae
1906 1666 2179 1750 abillis
2232 1667 2370 1730 fieri
2432 1665 2728 1740 uideant,

310 1767 616 1831 homines
647 1769 946 1851 corrupti
992 1779 1236 1846 mente,
1267 1770 1522 1834 nullam
1563 1770 1867 1834 ueritatis
1907 1769 2235 1834 habentes
2274 1768 2731 1851 cupiditatem,

308 1870 425 1953 qui
470 1878 538 1934 et
589 1872 818 1934 omnia
870 1871 1201 1935 lucrorum
1255 1892 1458 1936 causa
1503 1881 1574 1950 et
1616 1874 1949 1937 redituum
1996 1872 2213 1938 facere
2248 1874 2649 1939 adnituntur
2670 1871 2732 1953 3*

305 1982 642 2054 quaestum
681 1973 808 2037 sibi
837 1974 1146 2057 pietatem
1188 1995 1319 2038 esse
1359 1974 1831 2039 existimantes
1878 1973 2323 2054 inhonestum,
2356 1999 2449 2052 ex
2484 1999 2619 2062 quo
2663 1987 2735 2042 et

307 2075 442 2139 alia
470 2074 756 2158 plurima
785 2076 1325 2142 adnascebantur
1353 2075 1548 2165 mala.
1636 2077 1892 2162 optime
1924 2067 2169 2146 adiecit
2190 2101 2213 2144 ε
2318 2153 2324 2159 ,
2765 2095 2838 2162 15

441 2223 762 2309 [ἐντεῦθεν
787 2221 1112 2310 Ὗίνονται]
1157 2227 1390 2292 ΦθόΝοι
1431 2226 1551 2310 μὲν
1588 2226 1875 2293 ἑκάστου
1916 2227 2410 2309 βασκαίνοντος
2452 2228 2527 2296 τὸ
2558 2227 2735 2300 ὅπως
2822 2221 2831 2265 1

309 2329 480 2396 ποτὲ
521 2329 892 2413 εὐδοκιμεῖν
933 2330 1004 2395 ἐν
1054 2331 1136 2414 τῇ
1185 2327 1476 2414 διαλέξει
1517 2327 1873 2409 δυνηθέντι·
1939 2331 2133 2418 &pm-:c
2179 2330 2249 2398 δὲ
2292 2329 2737 2420 ἐκφερομένων

309 2431 530 2500 αὐτῶν
581 2434 672 2504 εἰς
720 2432 962 2524 μάχας,
1013 2441 1128 2499 καὶ
1178 2432 1544 2513 Βλαεφκμῖαι
1599 2432 1691 2516 δέ,
1744 2433 1978 2501 πολλὰ
2020 2433 2141 2519 μὲν
2192 2435 2303 2502 καὶ
2336 2433 2568 2503 ἀὐτῶν
2623 2445 2735 2502 λεώ

308 2537 558 2621 «γόντων
601 2536 710 2603 οἶα
751 2535 843 2621 μὴ
885 2540 1238 2624 προσῆκεν,
1278 2535 1584 2620 μάλιστα
1630 2536 1698 2605 δὲ
1749 2540 1880 2605 τῶν
1924 2538 2106 2611 ἐκτὸς
2146 2538 2735 2627 βλασφημούντων

308 2638 497 2723 ἡμᾶς,
544 2638 630 2711 ὥς
679 2638 836 2725 περὶ
883 2636 961 2705 τὸ
1008 2642 1222 2721 ζητεῖν
1268 2639 1392 2722 τὴν
1436 2638 1703 2731 σχολὴν
1756 2640 2050 2731 ἔχοντας.
2142 2641 2404 2727 ἀνάγκη
2456 2642 2570 2710 οὖν
2621 2643 2735 2711 καὶ
2760 2660 2844 2710 20

311 2741 623 2814 ὑπονοίας
669 2741 961 2829 πονηρᾶς
1006 2742 1159 2831 περὶ
1209 2740 1398 2826 ἡμῶν
1443 2742 1826 2830 ἐγγίνεσθαι
1872 2750 2009 2817 τοῖς
2058 2744 2245 2817 ἐκτὸς
2288 2746 2423 2813 ἀπὸ
2468 2746 2735 2815 τούτων·

311 2846 649 2934 ἅνθρωποι
708 2844 1122 2935 διεφθορότες
1180 2844 1302 2929 τὴν
1361 2845 1658 2914 διάνοιαν
1716 2847 1831 2916 καὶ
1890 2846 2191 2933 οὐδεμίαν
2248 2848 2365 2932 τῆς·
2422 2847 2735 2933 ἀληθείας

311 2948 662 3034 ἐπιθυμίαν
706 2950 986 3040 ἔχοντες,
1030 2947 1254 3017 πάντα
1298 2948 1564 3038 κέρδους
1608 2950 1824 3019 ἕνεκεν
1868 2950 2369 3034 ἐπιτηδεύοντες.

418 3114 438 3149 1
477 3100 563 3165 qui
584 3116 664 3150 om
690 3100 737 3151 C
753 3100 824 3150 H
944 3116 972 3165 3
1007 3100 1263 3152 inuidente
1285 3100 1354 3151 H
1481 3120 1514 3164 4
1546 3118 1660 3152 cum
1685 3104 1749 3153 ad
1767 3104 1885 3154 lites
1908 3104 1998 3154 ἃς.
2025 3119 2104 3153 om
2132 3102 2180 3153 C
2194 3104 2263 3154 H
2275 3120 2309 3153 r
2435 3116 2463 3167 5
2488 3102 2735 3170 plurimae

319 3183 364 3231 C
380 3182 449 3232 H
455 3198 488 3231 r
518 3182 637 3248 quia
669 3180 768 3245 (afl
797 3181 948 3247 plur.)
981 3182 1086 3231 add
1111 3198 1144 3230 r
1331 3182 1368 3231 8
1401 3190 1451 3232 et
1480 3199 1652 3234 uersus
1685 3185 1802 3249 (sor
1828 3186 1967 3247 adu.)
2000 3184 2071 3234 C*
2103 3183 2113 3249 Ι
2139 3201 2199 3235 ex
2237 3201 2317 3235 om
2350 3186 2393 3235 C
2421 3186 2621 3253 et‚(s0r
2650 3189 2732 3248 ex)

311 3264 380 3313 II
391 3280 424 3313 r
447 3262 456 3329 Ι
485 3263 763 3315 necessario
785 3280 819 3311 r
966 3278 998 3328 9
1030 3263 1150 3313 ha'b.
1174 3262 1240 3313 de
1261 3278 1312 3313 n.
1342 3279 1375 3311 r
1542 3278 1600 3313 ιο
1632 3280 1807 3315 eorum
1831 3266 1945 3330 (sor
1962 3264 2081 3331 suis)
2104 3267 2175 3316 H
2331 3281 2385 3317 11
2421 3260 2595 3317 uident
2618 3268 2737 3333 (for

311 3345 537 3406 uideant)
561 3346 630 3395 H
661 3344 894 3395 uidentur
910 3362 942 3393 r
1161 3359 1218 3408 13
1252 3350 1303 3395 et
1325 3345 1541 3395 reditum
1569 3344 1650 3395 C*
1671 3348 1756 3395 H:
1792 3363 1871 3396 om
1894 3364 1925 3397 r
2142 3362 2203 3407 14
2239 3346 2292 3397 in
2307 3347 2542 3398 homines
2564 3355 2733 3399 tamen

311 3424 428 3489 (for
446 3420 786 3487 inhonestum)
815 3424 860 3473 C
877 3426 932 3472 in
952 3422 1004 3473 h.
1029 3430 1134 3473 tam
1157 3423 1224 3472 H
1237 3440 1250 3475 ε
1285 3428 1365 3471 txt
1386 3422 1451 3488 r‘l
1481 3440 1544 3473 ex
1564 3441 1667 3489 qua
1694 3424 1766 3475 C*
1790 3428 1857 3475 H
1868 3430 1955 3492 qui
1982 3427 2027 3477 C
2048 3427 2197 3488 (corr)
2369 3438 2424 3488 15
2460 3428 2613 3477 adicit
2641 3428 2684 3477 C
2702 3444 2737 3477 r

317 3504 376 3555 16
397 3522 471 3570 sq.
503 3504 660 3556 Coisl.
692 3521 805 3568 204,
836 3504 872 3554 f.
915 3504 1010 3554 2⁶8
1043 3504 1079 3553 b
1114 3502 1222 3565 [Cr.
1259 3504 1345 3552 vii.
1384 3516 1465 3567 47„
1505 3504 1590 3555 Fr.
1621 3506 1741 3571 154]
1776 3506 2020 3571 θεόδωρος.
2088 3504 2235 3573 ἄλλος
2256 3507 2405 3570 φησιν
2425 3508 2493 3559 εἰς
2511 3509 2569 3559 τὸ
2592 3510 2644 3570 ἐξ
2666 3506 2733 3558 ὦν

309 3588 498 3651 γίνεται
521 3588 692 3651 φθόνος
712 3588 794 3636 καὶ
813 3587 907 3649 ἔρις
928 3587 1011 3635 καὶ
1031 3586 1094 3635 τὰ
1117 3584 1238 3645 ἑξῆς·
1282 3585 1454 3647 φθόνος
1474 3587 1581 3645 μέν,
1604 3591 1755 3638 κ.τ.λ.

311 3744 422 3777 rum
434 3724 493 3789 ;’'
537 3726 807 3783 Ambrstr.‚
856 3727 894 3753 ‘⁸
908 3724 994 3791 qui
1035 3740 1088 3775 u.
1133 3732 1397 3775 caruerunt
1413 3723 1469 3785 ;”
1571 3728 1704 3789 δόξαι
1734 3730 1813 3779 καὶ
1848 3725 2069 3791 δᾶγματα
2102 3730 2293 3793 πονηρὰ
2327 3729 2425 3777 ἀπὸ
2455 3730 2554 3777 τῶν
2588 3728 2733 3789 ζητή-

311 3812 485 3876 Vulg„
518 3811 555 3837 ‘⁴
569 3810 655 3875 qui
677 3826 726 3860 u.
749 3808 932 3875 priuati
954 3806 1120 3859 sunt.”
1569 3827 1708 3862 σεων.
1778 3808 1893 3861 τότε
1914 3813 2025 3874 περὶ
2050 3813 2163 3861 θεοῦ
2191 3811 2226 3860 d
2253 3812 2325 3870 μὴ
2358 3811 2434 3859 δεῖ
2461 3808 2728 3861 ὑποπτεύο-

379 3909 427 3958 3.
476 3907 876 3957 unumquemque
903 3890 1232 3954 inuidentem]
1282 3891 1361 3942 Cf.
1405 3904 1468 3942 11.
1569 3908 1676 3951 μεν,
1704 3890 1825 3939 ὅταν
1847 3892 1911 3941 εἰς
1932 3892 2153 3955 ζητήσεις
2173 3890 2475 3950 ἐμπέσωμεν.

311 3992 364 4042 p.
397 3989 507 4038 142,
529 3974 568 4023 1.
592 3984 638 4037 7,
664 3979 800 4023 note.
1632 3983 1688 4033 γ.
1758 3976 1806 4019 et
1825 3969 2111 4034 inquirunt,
2139 3968 2254 4030 δια]
2315 3968 2427 4019 The
2466 3967 2733 4019 translator

377 4076 426 4120 4.
485 4071 598 4105 cum
618 4056 691 4104 ad
705 4056 826 4113 lam,
857 4052 972 4115 δια]
1041 4054 1067 4103 1
1089 4052 1219 4104 have
1240 4054 1470 4120 supplied
1571 4052 1665 4102 has
1707 4051 2107 4102 misunderstood
2150 4050 2231 4101 his
2269 4050 2470 4110 Greek;
2516 4057 2569 4100 at
2606 4050 2731 4101 least

313 4136 440 4186 from
462 4136 548 4186 the
566 4136 734 4186 Greek
752 4136 840 4185 the
855 4136 1020 4185 words
1034 4135 1201 4185 which
1217 4134 1472 4198 evidently
1573 4130 1660 4179 the
1694 4130 1795 4179 Gk.
1823 4129 1882 4179 of
1907 4130 1993 4179 the
2025 4136 2203 4179 catena
2236 4144 2451 4193 conveys
2481 4144 2513 4178 a
2550 4130 2732 4194 widely

307 4232 397 4266 are
426 4216 619 4266 needed
653 4224 706 4266 to
737 4217 990 4281 complete
1021 4217 1109 4267 the
1137 4216 1301 4267 sense.
1369 4216 1474 4266 For
1571 4212 1804 4262 different
1836 4227 1978 4263 sense
2013 4210 2088 4273 (=
2104 4212 2296 4276 “quasi
2330 4227 2449 4276 erga
2480 4212 2730 4275 inquiren·

311 4299 398 4349 the
419 4315 562 4349 sense
588 4299 708 4349 here
738 4299 890 4365 given
921 4300 990 4364 by
1023 4299 1123 4349 Th.
1157 4306 1212 4349 to
1243 4301 1471 4361 βλασφη-
1572 4295 1693 4345 dum
1738 4295 1925 4345 otiosos
1964 4292 2282 4357 existentes‚”
2322 4294 2513 4359 “quasi
2556 4310 2729 4360 quaes-

309 4384 416 4442 μίαι
437 4398 520 4432 see
541 4383 716 4442 above,
749 4392 808 4431 11.
833 4398 886 4447 p.
912 4394 988 4447 79,
1018 4382 1050 4431 L
1082 4398 1124 4432 ι.
1181 4382 1360 4445 Chrys.
1383 4396 1471 4431 un·
1572 4375 1793 4425 tionibus
1813 4372 2131 4439 uaoentes”).

311 4462 572 4512 derstands
615 4461 790 4513 ‘libels
826 4478 964 4527 upon
1000 4460 1165 4513 God:’
1205 4462 1467 4521 τουτέστιν,
1645 4472 1720 4520 15.
1790 4458 1964 4521 optim
1993 4456 2182 4515 adiecit,
2222 4454 2337 4517 δια]
2399 4456 2461 4505 In
2496 4470 2730 4505 common

485 4576 541 4629 S·
586 4576 662 4627 11.
2481 4570 2553 4617 12
2648 4574 2653 4584 '
