3250 5025
315 370 408 435 11.
455 388 549 448 11,
588 371 708 455 η]
1029 386 1110 435 m
1161 385 1265 436 ΕΡ.
1313 387 1415 436 AD
1461 386 1925 438 ΤιΜοΤΗΕυΜ
1974 388 2021 438 1.
2645 390 2729 456 93

314 553 598 617 multam
642 552 961 619 habentia
1002 555 1443 620 differentiam
1491 556 1578 619 ad
1626 555 1741 620 illa
1785 565 2201 635 ornamenta,
2248 556 2577 640 siquidem
2618 555 2737 620 illa

313 667 707 722 ornamenta
752 661 1241 742 uituperatione
1286 661 1502 743 magis
1545 661 1753 744 digna
1793 670 1967 738 sunt,
2010 660 2139 724 hoc
2179 681 2338 724 uero
2383 680 2733 723 ornamen-

313 769 456 824 tum
524 763 902 856 necessario·
946 763 1212 827 laudem
1265 763 1574 846 adquirit.
1679 764 2160 828 intendendum
2223 773 2325 828 est
2386 773 2611 828 autem
2665 761 2732 825 in

313 866 603 946 apostoli
633 867 1050 930 sermonibus
1083 868 1399 951 quoniam
1425 869 1494 931 in
1531 867 2025 932 abdicationem
2059 869 2534 932 contrariorum
2568 865 2733 929 illud

313 968 496 1049 quod
529 970 819 1034 deterius
851 981 994 1035 erat
1025 972 1316 1053 primum
1349 971 1591 1056 posuit,
1625 971 1855 1036 dicens
1892 993 2017 1034 non
2056 971 2126 1035 in
2169 971 2358 1034 tortis·
2402 971 2511 1033 uel
2522 969 2737 1050 plexis·
2810 984 2841 1050 5

313 1070 638 1147 crinibus;
683 1082 751 1136 et
792 1081 953 1137 tunc
993 1074 1253 1148 adiecit,
1286 1083 1506 1138 cetera
1550 1073 1797 1149 dicem,
1829 1093 1992 1138 auro
2030 1083 2152 1136 aut
2192 1073 2581 1156 margaritis-
2619 1082 2739 1136 aut

313 1183 483 1236 ueste
507 1177 810 1256 pretiosa.
898 1177 1028 1240 hoc
1057 1186 1285 1248 autern
1322 1187 1391 1240 et
1433 1186 1708 1260 propter
1752 1178 2333 1240 inconuenientem
2365 1179 2735 1242 uanitatem

252 1287 260 1292 '
315 1277 568 1342 interea
615 1281 839 1343 euenit
881 1279 1042 1359 fieri,
1081 1281 1246 1344 illud
1302 1301 1463 1345 uero
1515 1289 1792 1363 propter
1824 1282 2043 1346 solum
2092 1291 2418 1346 ornatum.
2507 1282 2734 1344 dicens

314 1401 474 1444 uero
503 1380 630 1444 hoc
661 1383 838 1464 quod
874 1382 980 1446 uel
1011 1385 1310 1447 maxime
1341 1386 1608 1466 proprie
1639 1384 1726 1446 ad
1774 1384 2313 1449 exhortationem
2349 1384 2735 1450 mulieribus

313 1487 644 1568 pertinere
683 1487 1136 1565 existimabat,
1166 1489 1371 1552 adicit
1418 1496 1486 1552 et
1531 1487 1711 1552 aliud
1760 1489 1941 1571 quod
1988 1489 2118 1554 illis
2164 1489 2436 1572 quidem
2469 1496 2734 1572 poterat
2770 1504 2848 1552 10

313 1588 549 1664 dicere,
582 1591 740 1654 uiris
771 1599 996 1656 autem
1029 1613 1454 1676 nequaquam
1488 1593 1555 1656 in
1587 1614 1817 1658 earum
1850 1595 2355 1660 similitudinem
2383 1615 2397 1658 z

446 1743 684 1807 mulier
711 1745 780 1808 in
809 1744 1064 1809 silentio
1092 1745 1302 1808 dtis-cat
1326 1766 1472 1809 cum
1501 1745 1685 1809 omni
1714 1745 2105 1810 subiectione.

446 1872 514 1926 et
545 1863 919 1928 euidentius
949 1865 1203 1928 dictum
1236 1884 1429 1927 suum
1464 1864 1931 1947 interpretanS,
1965 1865 2209 1930 adicit:

447 2011 780 2076 mulierem
839 2024 1055 2077 autem
1113 2014 1324 2077 docere
1381 2035 1508 2076 non
1552 2015 1861 2096 permitto
1912 2037 2106 2098 neque
2162 2016 2497 2080 dominari
2547 2029 2739 2100 super

318 2117 544 2181 uirum
573 2138 786 2194 suum,
814 2117 932 2180 sed
950 2137 1080 2181 esse
1109 2118 1178 2180 in
1207 2117 1478 2182 silentio,
2769 2142 2839 2208 15

445 2235 775 2318 †euidens
807 2247 907 2301 est
939 2241 1252 2321 quoniam
1286 2237 1414 2303 hoc
1446 2239 1532 2302 de
1561 2249 1741 2303 statu
1779 2238 1894 2302 illo
1919 2241 2121 2302 adicit
2148 2241 2260 2322 qui
2288 2241 2351 2303 in
2377 2261 2733 2304 commune

316 2341 540 2418 fiebat,
568 2361 647 2404 eo
678 2342 857 2423 quod
891 2362 1024 2404 non
1057 2343 1412 2405 conueniat
1443 2361 1557 2404 eas
1589 2341 1655 2403 in
1690 2340 1968 2405 ecclesia
1998 2342 2292 2406 docere*
2367 2343 2735 2406 necessaria

315 2455 540 2512 autem
602 2453 744 2507 erat
803 2444 915 2508 illo
977 2445 1043 2508 in
1091 2455 1395 2528 tempore
1455 2443 1838 2507 huiusmodi
1894 2447 2294 2529 praecepti0,
2342 2445 2611 2529 quando
2665 2451 2734 2507 et

312 2549 746 2634 prophetasse
797 2548 1065 2613 diuinae
1110 2550 1366 2631 gratiae
1420 2549 1622 2631 digne
1672 2547 2273 2628 existimabantur3
2339 2570 2428 2612 ex
2489 2550 2731 2631 quibus

445 2702 746 2783 δηλονότι
784 2703 938 2789 περὶ
975 2702 1091 2783 τῆς·
1131 2703 1200 2768 ἐν
1241 2704 1435 2792 κοινῷ
1474 2672 1953 2773 tear-amdam}
1991 2700 2192 2785 λέγει,
2240 2699 2325 2771 ὥς
2368 2700 2449 2766 ἂν
2478 2698 2551 2765 οὗ
2592 2698 2733 2767 δέον
2762 2726 2848 2775 20

315 2806 382 2872 ἐν
427 2808 748 2894 ἐκκλησίᾳ
791 2805 989 2875 αὐτὰς
1034 2803 1380 2871 διδάσκειν.

419 2967 440 3001 1
478 2951 748 3001 habentem
777 2950 918 2999 CH:
954 2956 1034 3000 txt
1055 2966 1088 2997 r
1259 2969 1291 3015 4
1325 2952 1645 3001 ab.licatione
1688 2952 1756 3000 H
1951 2962 1979 3011 5
2016 2949 2247 3015 plexibus
2268 2950 2337 2999 H
2502 2962 2533 3013 9
2566 2948 2630 2997 ad
2653 2964 2733 2997 om

318 3034 380 3083 Η
390 3032 418 3057 ⁴*
697 3044 756 3097 19
790 3032 1090 3097 prophetase
1123 3032 1172 3081 d.
1195 3048 1270 3096 gr.
1298 3034 1450 3097 digne
1482 3034 1527 3082 C
1542 3033 1569 3059 ⁴*
1587 3034 1657 3083 H
1702 3033 2043 3099 prophetissae
2068 3034 2091 3081 l
2108 3034 2135 3081 b
2160 3034 2250 3091 (see
2277 3032 2401 3092 note)
2440 3032 2734 3096 prophetiae

315 3114 486 3163 diuina
508 3113 668 3177 gratia
687 3113 872 3177 dignae
893 3130 926 3161 r
1054 3130 1120 3164 20
1154 3114 1312 3164 Coisl.
1341 3114 1452 3176 2'04,
1481 3114 1515 3164 f.
1552 3128 1640 3179 195
1657 3116 1693 3163 b
1716 3115 1824 3177 [Cr.
1842 3115 1928 3163 vii.
1956 3130 2033 3174 20,
2064 3114 2146 3163 Fr.
2173 3114 2286 3175 150]
2310 3113 2553 3174 θεόδωρος.
2587 3112 2734 3163 ἄλλος

316 3197 369 3244 δὲ
391 3198 455 3244 εἰς
475 3197 534 3243 τὸ
561 3197 575 3219 ‘
589 3196 780 3255 ’γυναικὶ
804 3197 854 3243 δὲ
877 3194 1119 3244 διδάσκειν
1144 3197 1193 3244 ἐν
1215 3197 1451 3257 ἐκκλησίᾳ
1476 3197 1583 3256 (sic)
1609 3198 1695 3245 οὐκ
1716 3198 1961 3258 ἐπιτρέπω
1982 3194 1995 3217 ’
2016 3195 2183 3256 φησίν·
2207 3195 2444 3254 δηλονότι,
2468 3195 2620 3244 κ.τ.λ.

389 3341 435 3374 1.
519 3326 732 3375 multam
795 3325 907 3376 hab.
967 3325 1313 3390 dgfferentiam,
1363 3325 1478 3387 δια]
1572 3327 1681 3376 Our
1705 3326 1969 3376 translator
1988 3325 2081 3375 has
2103 3325 2263 3375 either
2282 3325 2402 3374 read
2434 3326 2537 3373 roi>
2566 3322 2733 3387 ἀνδρός

326 3408 573 3465 πτολλὴν
626 3408 806 3468 ἔχοντα.
851 3408 988 3470 πρὸς
1045 3408 1199 3457 ἐκεῖνα.
1241 3406 1332 3467 τήν
1377 3408 1475 3455 δια·

318 3487 488 3550 φοράν.

383 3571 431 3618 8.
509 3566 716 3630 interea]
739 3588 784 3609 =
806 3568 1073 3629 interdum,
1134 3584 1166 3619 a
1218 3568 1320 3618 late
1374 3569 1475 3617 and

313 3649 533 3714 poetica]
552 3664 670 3709 use;
713 3665 796 3699 see
817 3650 903 3699 the
929 3648 1056 3699 lexx.
1078 3666 1118 3697 s.
1137 3666 1186 3701 v.

387 3750 460 3797 14.
527 3734 780 3782 mulierem
799 3738 960 3783 autem
982 3734 1160 3796 docere]
1191 3734 1291 3782 Th.
1315 3748 1476 3783 seems

316 3820 372 3863 to
392 3813 520 3863 have
542 3814 724 3877 agreed
745 3814 869 3863 with
901 3813 1079 3877 Chrys.
1111 3815 1212 3864 and
1238 3814 1394 3863 Thdt.
1421 3814 1474 3864 in

316 3898 527 3961 reading
577 3898 769 3957 ’γυναικὶ
825 3897 889 3945 δὲ
937 3894 1192 3946 διδάσκειν.
1280 3895 1478 3947 Tisch.⁸

316 3978 442 4027 cites
463 3976 548 4026 the
571 3984 749 4026 catena
769 3976 822 4024 in
845 3976 999 4040 proef
1023 3976 1084 4025 of
1105 3976 1232 4038 this;
1265 3978 1357 4028 but
1389 3977 1474 4027 the

317 4064 424 4110 text
447 4056 505 4107 of
529 4056 616 4106 the
647 4064 824 4106 catena
857 4072 975 4121 may
1005 4058 1134 4107 have
1163 4057 1290 4107 been
1313 4058 1475 4107 deter-

315 4137 490 4187 mined
511 4137 577 4200 by
611 4152 677 4185 an
703 4142 891 4186 extract
929 4136 1058 4187 from
1090 4138 1268 4202 Chrys,
1309 4138 1475 4188 which

316 4217 660 4281 immediately
703 4218 956 4282 precedes.
1038 4219 1149 4268 The
1189 4219 1340 4269 Latin
1371 4236 1477 4269 ver·

316 4298 447 4354 sion,
463 4298 712 4357 however,
733 4298 900 4348 leaves
917 4297 1044 4349 little
1062 4300 1220 4350 doubt
1242 4316 1297 4349 as
1314 4306 1367 4349 to
1391 4300 1477 4351 the

315 4379 464 4429 order
485 4378 650 4427 which
675 4378 770 4428 Th.
799 4378 1051 4429 followed.
1117 4381 1281 4445 Super
1299 4380 1473 4429 uirum

315 4476 464 4509 suum
481 4478 502 4517 ,·
537 4459 600 4509 Ο.
635 4460 692 4508 L.
738 4460 838 4509 and
884 4460 1056 4524 Vulg.,
1113 4462 1215 4511 “in
1255 4462 1472 4513 uirum.'’

1578 3406 1629 3470 (a
1649 3408 1845 3457 variant
1862 3409 1921 3457 os
1938 3408 2102 3457 which
2136 3407 2275 3456 there
2297 3408 2340 3455 is
2362 3422 2427 3455 no
2450 3414 2584 3456 trace
2605 3406 2731 3457 else·

1573 3486 1779 3551 where),
1803 3503 1861 3537 or
1892 3488 1957 3537 he
1988 3488 2081 3537 has
2113 3487 2241 3535 been
2276 3486 2455 3537 misled
2485 3488 2553 3549 by
2585 3483 2730 3536 Th.’s

1575 3574 1827 3617 comment
1851 3569 1920 3632 (p.
1951 3581 2029 3632 94,
2058 3566 2091 3615 l.
2116 3564 2187 3626 6).

1648 3662 1724 3712 ¹7·
1793 3648 1851 3696 in
1895 3648 2081 3697 ecclesia
2131 3645 2309 3707 docere]
2374 3646 2549 3709 Chrys.
2608 3644 2731 3695 cites

1578 3745 1599 3780 ι
1630 3730 1745 3780 Cor.
1772 3730 1870 3779 xiv.
1902 3744 1979 3792 34,
2018 3742 2095 3792 35.

1646 3814 1723 3861 18.
1788 3811 1987 3875 quando
2018 3816 2065 3859 et
2092 3808 2424 3873 pmpketasse]
2480 3806 2730 3859 Lansranc

1573 3894 1675 3943 and
1710 3894 1773 3943 R.
1802 3893 1862 3943 of
1889 3894 1949 3941 B.
1974 3899 2127 3957 quote
2160 3891 2262 3941 this
2295 3896 2531 3939 sentence
2561 3890 2613 3938 in
2644 3890 2729 3939 the

1572 3973 1731 4024 form:
1768 3978 1799 4001 ⁸⁶
1818 3974 2095 4025 necessaria
2122 3979 2227 4022 erat
2256 3970 2344 4020 illo
2372 3970 2512 4032 [÷in
2534 3970 2585 4031 b]
2606 3977 2729 4021 tem-

1572 4073 1695 4122 pore
1718 4058 1789 4119 [—
1804 4056 1929 4105 haec
1950 4056 2000 4119 b]
2030 4054 2330 4121 praeceptio,
2355 4054 2557 4117 quando
2586 4054 2729 4118 [quo-

1575 4138 1713 4189 niam
1737 4138 1787 4200 b]
1822 4137 2251 4203 prophetissae
2284 4131 2485 4196 erant;”
2519 4134 2619 4183 and
2642 4134 2729 4185 the

1573 4220 1782 4285 reading
1802 4218 1861 4269 of
1892 4220 2019 4269 Rab.
2057 4218 2225 4284 points
2246 4226 2300 4268 to
2332 4218 2419 4267 the
2452 4232 2589 4265 same
2624 4232 2731 4267 cor-

1576 4302 1767 4352 rection
1812 4302 1870 4352 of
1896 4302 2221 4367 prophetasse.
2312 4300 2427 4353 The
2464 4298 2735 4349 translator

1573 4382 1791 4449 perhaps
1834 4390 2015 4432 wrote:
2070 4380 2269 4447 quando
2317 4386 2363 4430 et
2404 4376 2736 4444 prophetissae

1570 4466 1775 4514 diuinae
1787 4466 1987 4529 gratiae
2004 4466 2183 4528 deknae
2202 4462 2626 4513 existimabantur.
