<?xml version="1.0" encoding="UTF-8"?>
<!DOCTYPE html PUBLIC "-//W3C//DTD XHTML 1.0 Transitional//EN"
    "http://www.w3.org/TR/xhtml1/DTD/xhtml1-transitional.dtd">
<html xmlns="http://www.w3.org/1999/xhtml" xml:lang="en" lang="en">
 <head>
  <title>
</title>
<meta http-equiv="Content-Type" content="text/html;charset=utf-8" />
  <meta name='ocr-system' content='tesseract 3.04.00' />
  <meta name='ocr-capabilities' content='ocr_page ocr_carea ocr_par ocr_line ocrx_word'/>
</head>
<body>
  <div class='ocr_page' id='page_1' title='image "./theodoriepiscop01swetgoog_0232.png"; bbox 0 0 3250 5025; ppageno 0'>
   <div class='ocr_carea' id='block_1_1' title="bbox 510 337 639 388">
    <p class='ocr_par' dir='ltr' id='par_1_1' title="bbox 510 337 639 388">
     <span class='ocr_line' id='line_1_1' title="bbox 510 337 639 388; baseline 0.039 -5"><span class='ocrx_word' id='word_1_1' title='bbox 510 337 639 388; x_wconf 86' lang='lat'>220</span> 
     </span>
    </p>
   </div>
   <div class='ocr_carea' id='block_1_2' title="bbox 1178 334 2268 391">
    <p class='ocr_par' dir='ltr' id='par_1_2' title="bbox 1178 334 2268 391">
     <span class='ocr_line' id='line_1_2' title="bbox 1178 334 2268 391; baseline 0 -1"><span class='ocrx_word' id='word_1_2' title='bbox 1178 336 1636 391; x_wconf 90' lang='lat' dir='ltr'>THEODORUS</span> <span class='ocrx_word' id='word_1_3' title='bbox 1685 334 2168 391; x_wconf 87' lang='lat' dir='ltr'>MOPSUESTEN</span> <span class='ocrx_word' id='word_1_4' title='bbox 2179 338 2268 390; x_wconf 90' lang='lat' dir='ltr'>US</span> 
     </span>
    </p>
   </div>
   <div class='ocr_carea' id='block_1_3' title="bbox 2455 324 2926 409">
    <p class='ocr_par' dir='ltr' id='par_1_3' title="bbox 2455 324 2926 409">
     <span class='ocr_line' id='line_1_3' title="bbox 2455 324 2926 409; baseline -0.011 -19"><span class='ocrx_word' id='word_1_5' title='bbox 2455 324 2616 409; x_wconf 93' lang='grc' dir='ltr'><strong>[ΙΙΙ.</strong></span> <span class='ocrx_word' id='word_1_6' title='bbox 2657 340 2926 402; x_wconf 82' lang='lat'>11-14</span> 
     </span>
    </p>
   </div>
   <div class='ocr_carea' id='block_1_4' title="bbox 640 508 2928 593">
    <p class='ocr_par' dir='ltr' id='par_1_4' title="bbox 640 508 2928 593">
     <span class='ocr_line' id='line_1_4' title="bbox 640 508 2928 593; baseline 0 -20"><span class='ocrx_word' id='word_1_7' title='bbox 640 510 869 591; x_wconf 78' lang='lat' dir='ltr'><em>qualia</em></span> <span class='ocrx_word' id='word_1_8' title='bbox 914 510 1085 575; x_wconf 80' lang='lat' dir='ltr'>milti</span> <span class='ocrx_word' id='word_1_9' title='bbox 1126 521 1282 575; x_wconf 87' lang='lat' dir='ltr'>sunt</span> <span class='ocrx_word' id='word_1_10' title='bbox 1310 512 1507 593; x_wconf 82' lang='lat' dir='ltr'>facta</span> <span class='ocrx_word' id='word_1_11' title='bbox 1557 511 1626 575; x_wconf 79' lang='lat' dir='ltr'>in</span> <span class='ocrx_word' id='word_1_12' title='bbox 1679 510 2048 588; x_wconf 74' lang='lat' dir='ltr'><em>Antiochia,</em></span> <span class='ocrx_word' id='word_1_13' title='bbox 2101 531 2173 573; x_wconf 81' lang='lat' dir='ltr'>zn</span> <span class='ocrx_word' id='word_1_14' title='bbox 2215 510 2451 592; x_wconf 83' lang='lat' dir='ltr'>Iconio,</span> <span class='ocrx_word' id='word_1_15' title='bbox 2500 510 2574 573; x_wconf 80' lang='lat' dir='ltr'>in</span> <span class='ocrx_word' id='word_1_16' title='bbox 2617 508 2928 591; x_wconf 81' lang='lat' dir='ltr'>Lystris,·</span> 
     </span>
    </p>
   </div>
   <div class='ocr_carea' id='block_1_5' title="bbox 508 613 1532 696">
    <p class='ocr_par' dir='ltr' id='par_1_5' title="bbox 508 613 1532 696">
     <span class='ocr_line' id='line_1_5' title="bbox 508 613 1532 696; baseline 0.001 -20"><span class='ocrx_word' id='word_1_17' title='bbox 508 613 728 695; x_wconf 84' lang='lat' dir='ltr'>quales</span> <span class='ocrx_word' id='word_1_18' title='bbox 740 613 1201 696; x_wconf 80' lang='lat' dir='ltr'>persecutzones</span> <span class='ocrx_word' id='word_1_19' title='bbox 1227 613 1532 677; x_wconf 81' lang='lat' dir='ltr'>sustinui.</span> 
     </span>
    </p>
   </div>
   <div class='ocr_carea' id='block_1_6' title="bbox 642 742 2926 827">
    <p class='ocr_par' dir='ltr' id='par_1_6' title="bbox 642 742 2926 827">
     <span class='ocr_line' id='line_1_6' title="bbox 642 742 2926 827; baseline -0 -23"><span class='ocrx_word' id='word_1_20' title='bbox 642 751 710 806; x_wconf 89' lang='lat' dir='ltr'>et</span> <span class='ocrx_word' id='word_1_21' title='bbox 742 742 923 824; x_wconf 92' lang='lat' dir='ltr'>quod</span> <span class='ocrx_word' id='word_1_22' title='bbox 968 744 1181 825; x_wconf 83' lang='lat' dir='ltr'>magis</span> <span class='ocrx_word' id='word_1_23' title='bbox 1235 752 1501 825; x_wconf 87' lang='lat' dir='ltr'>poterat</span> <span class='ocrx_word' id='word_1_24' title='bbox 1546 765 1702 808; x_wconf 90' lang='lat' dir='ltr'>eum</span> <span class='ocrx_word' id='word_1_25' title='bbox 1763 744 2333 826; x_wconf 83' lang='lat' dir='ltr'>animaequiorem</span> <span class='ocrx_word' id='word_1_26' title='bbox 2381 762 2539 827; x_wconf 87' lang='lat' dir='ltr'>erga</span> <span class='ocrx_word' id='word_1_27' title='bbox 2583 742 2926 825; x_wconf 85' lang='lat' dir='ltr'>passiones</span> 
     </span>
    </p>
   </div>
   <div class='ocr_carea' id='block_1_7' title="bbox 510 848 1477 925">
    <p class='ocr_par' dir='ltr' id='par_1_7' title="bbox 510 848 1477 925">
     <span class='ocr_line' id='line_1_7' title="bbox 510 848 1477 925; baseline 0.001 -13"><span class='ocrx_word' id='word_1_28' title='bbox 510 848 895 912; x_wconf 87' lang='lat' dir='ltr'>tolerandas</span> <span class='ocrx_word' id='word_1_29' title='bbox 926 848 1157 925; x_wconf 85' lang='lat' dir='ltr'>facere,</span> <span class='ocrx_word' id='word_1_30' title='bbox 1192 849 1435 913; x_wconf 89' lang='lat' dir='ltr'>adiecit</span> <span class='ocrx_word' id='word_1_31' title='bbox 1462 870 1477 913; x_wconf 75' lang='grc' dir='ltr'><strong><em>ε</em></strong></span> 
     </span>
    </p>
   </div>
   <div class='ocr_carea' id='block_1_8' title="bbox 640 992 1971 1058">
    <p class='ocr_par' dir='ltr' id='par_1_8' title="bbox 640 992 1971 1058">
     <span class='ocr_line' id='line_1_8' title="bbox 640 992 1971 1058; baseline 0.001 -2"><span class='ocrx_word' id='word_1_32' title='bbox 640 1001 703 1056; x_wconf 88' lang='lat' dir='ltr'>et</span> <span class='ocrx_word' id='word_1_33' title='bbox 727 1012 805 1055; x_wconf 79' lang='lat' dir='ltr'>ex</span> <span class='ocrx_word' id='word_1_34' title='bbox 832 1013 977 1056; x_wconf 85' lang='lat' dir='ltr'>omn</span> <span class='ocrx_word' id='word_1_35' title='bbox 985 992 1128 1057; x_wconf 82' lang='lat' dir='ltr'>ibus</span> <span class='ocrx_word' id='word_1_36' title='bbox 1157 1014 1257 1057; x_wconf 85' lang='lat' dir='ltr'>me</span> <span class='ocrx_word' id='word_1_37' title='bbox 1296 994 1605 1058; x_wconf 83' lang='lat' dir='ltr'>liberauit</span> <span class='ocrx_word' id='word_1_38' title='bbox 1629 992 1971 1057; x_wconf 62' lang='lat' dir='ltr'>Dominus</span> 
     </span>
    </p>
   </div>
   <div class='ocr_carea' id='block_1_9' title="bbox 508 1111 2926 1403">
    <p class='ocr_par' dir='ltr' id='par_1_9' title="bbox 508 1111 2926 1403">
     <span class='ocr_line' id='line_1_9' title="bbox 644 1111 2926 1196; baseline -0.001 -20"><span class='ocrx_word' id='word_1_39' title='bbox 644 1120 819 1177; x_wconf 90' lang='lat' dir='ltr'>‘non</span> <span class='ocrx_word' id='word_1_40' title='bbox 880 1114 1146 1195; x_wconf 89' lang='lat' dir='ltr'>ignoras</span> <span class='ocrx_word' id='word_1_41' title='bbox 1210 1113 1473 1196; x_wconf 87' lang='lat' dir='ltr'>(inquit)</span> <span class='ocrx_word' id='word_1_42' title='bbox 1538 1114 1742 1176; x_wconf 89' lang='lat' dir='ltr'>etiam</span> <span class='ocrx_word' id='word_1_43' title='bbox 1806 1114 1874 1176; x_wconf 90' lang='lat' dir='ltr'>in</span> <span class='ocrx_word' id='word_1_44' title='bbox 1934 1113 2211 1176; x_wconf 87' lang='lat' dir='ltr'>diuersis</span> <span class='ocrx_word' id='word_1_45' title='bbox 2286 1111 2487 1175; x_wconf 89' lang='lat' dir='ltr'>rebus</span> <span class='ocrx_word' id='word_1_46' title='bbox 2565 1112 2693 1175; x_wconf 90' lang='lat' dir='ltr'>Dei</span> <span class='ocrx_word' id='word_1_47' title='bbox 2769 1130 2926 1193; x_wconf 86' lang='lat' dir='ltr'>erga</span> 
     </span>
     <span class='ocr_line' id='line_1_10' title="bbox 511 1214 2924 1300; baseline -0.002 -20"><span class='ocrx_word' id='word_1_48' title='bbox 511 1237 632 1280; x_wconf 89' lang='lat' dir='ltr'>nos</span> <span class='ocrx_word' id='word_1_49' title='bbox 690 1216 1021 1300; x_wconf 85' lang='lat' dir='ltr'><strong>prolatam</strong></span> <span class='ocrx_word' id='word_1_50' title='bbox 1083 1217 1615 1299; x_wconf 87' lang='lat' dir='ltr'>prouidentiam;</span> <span class='ocrx_word' id='word_1_51' title='bbox 1691 1236 1733 1279; x_wconf 91' lang='lat' dir='ltr'>a</span> <span class='ocrx_word' id='word_1_52' title='bbox 1793 1235 1927 1298; x_wconf 91' lang='lat' dir='ltr'>qua</span> <span class='ocrx_word' id='word_1_53' title='bbox 1987 1235 2122 1278; x_wconf 89' lang='lat' dir='ltr'>non</span> <span class='ocrx_word' id='word_1_54' title='bbox 2183 1215 2390 1289; x_wconf 82' lang='lat' dir='ltr'>debes</span> <span class='ocrx_word' id='word_1_55' title='bbox 2451 1214 2807 1291; x_wconf 88' lang='lat' dir='ltr'>discedere,</span> <span class='ocrx_word' id='word_1_56' title='bbox 2870 1214 2924 1275; x_wconf 89' lang='lat' dir='ltr'>si</span> 
     </span>
     <span class='ocr_line' id='line_1_11' title="bbox 508 1318 2138 1403; baseline 0 -20"><span class='ocrx_word' id='word_1_57' title='bbox 508 1328 737 1383; x_wconf 89' lang='lat' dir='ltr'>tamen</span> <span class='ocrx_word' id='word_1_58' title='bbox 768 1319 934 1384; x_wconf 92' lang='lat' dir='ltr'>haec</span> <span class='ocrx_word' id='word_1_59' title='bbox 965 1321 1109 1402; x_wconf 90' lang='lat' dir='ltr'>ipsa</span> <span class='ocrx_word' id='word_1_60' title='bbox 1140 1321 1400 1403; x_wconf 89' lang='lat' dir='ltr'>patiens</span> <span class='ocrx_word' id='word_1_61' title='bbox 1430 1321 1784 1402; x_wconf 87' lang='lat' dir='ltr'>persistere</span> <span class='ocrx_word' id='word_1_62' title='bbox 1815 1318 2138 1383; x_wconf 60' lang='lat' dir='ltr'>uolueris?</span> 
     </span>
    </p>
   </div>
   <div class='ocr_carea' id='block_1_10' title="bbox 639 1478 2927 1563">
    <p class='ocr_par' dir='ltr' id='par_1_10' title="bbox 639 1478 2927 1563">
     <span class='ocr_line' id='line_1_12' title="bbox 639 1478 2927 1563; baseline -0 -19"><span class='ocrx_word' id='word_1_63' title='bbox 639 1490 702 1544; x_wconf 87' lang='lat' dir='ltr'>et</span> <span class='ocrx_word' id='word_1_64' title='bbox 744 1500 958 1543; x_wconf 85' lang='lat' dir='ltr'>omnes</span> <span class='ocrx_word' id='word_1_65' title='bbox 1007 1480 1128 1562; x_wconf 81' lang='lat' dir='ltr'>qui</span> <span class='ocrx_word' id='word_1_66' title='bbox 1169 1480 1397 1543; x_wconf 83' lang='lat' dir='ltr'>uolunt</span> <span class='ocrx_word' id='word_1_67' title='bbox 1430 1480 1542 1562; x_wconf 83' lang='lat' dir='ltr'>pie</span> <span class='ocrx_word' id='word_1_68' title='bbox 1586 1480 1806 1543; x_wconf 80' lang='lat' dir='ltr'>ninere</span> <span class='ocrx_word' id='word_1_69' title='bbox 1855 1480 1924 1542; x_wconf 85' lang='lat' dir='ltr'>in</span> <span class='ocrx_word' id='word_1_70' title='bbox 1979 1478 2231 1545; x_wconf 79' lang='lat' dir='ltr'>Christo</span> <span class='ocrx_word' id='word_1_71' title='bbox 2278 1479 2425 1543; x_wconf 87' lang='lat' dir='ltr'>Iesu</span> <span class='ocrx_word' id='word_1_72' title='bbox 2468 1480 2927 1563; x_wconf 80' lang='lat' dir='ltr'>persecutiones</span> 
     </span>
    </p>
   </div>
   <div class='ocr_carea' id='block_1_11' title="bbox 508 1686 1655 1752">
    <p class='ocr_par' dir='ltr' id='par_1_11' title="bbox 508 1686 1655 1752">
     <span class='ocr_line' id='line_1_13' title="bbox 508 1686 1655 1752; baseline -0.003 0"><span class='ocrx_word' id='word_1_73' title='bbox 508 1696 798 1752; x_wconf 82' lang='lat' dir='ltr'>errantes</span> <span class='ocrx_word' id='word_1_74' title='bbox 823 1696 887 1750; x_wconf 92' lang='lat' dir='ltr'>et</span> <span class='ocrx_word' id='word_1_75' title='bbox 915 1687 985 1751; x_wconf 84' lang='lat' dir='ltr'>in</span> <span class='ocrx_word' id='word_1_76' title='bbox 1012 1708 1289 1751; x_wconf 83' lang='lat' dir='ltr'>errorem</span> <span class='ocrx_word' id='word_1_77' title='bbox 1320 1686 1655 1750; x_wconf 78' lang='lat' dir='ltr'>mittentes,</span> 
     </span>
    </p>
   </div>
   <div class='ocr_carea' id='block_1_12' title="bbox 407 1582 2924 1670">
    <p class='ocr_par' dir='ltr' id='par_1_12' title="bbox 407 1582 2924 1670">
     <span class='ocr_line' id='line_1_14' title="bbox 407 1582 2924 1670; baseline -0.002 -21"><span class='ocrx_word' id='word_1_78' title='bbox 407 1602 484 1652; x_wconf 92' lang='lat'>10</span> <span class='ocrx_word' id='word_1_79' title='bbox 495 1584 880 1670; x_wconf 79' lang='lat' dir='ltr'>patientur,-</span> <span class='ocrx_word' id='word_1_80' title='bbox 914 1584 1081 1647; x_wconf 84' lang='lat' dir='ltr'>mali</span> <span class='ocrx_word' id='word_1_81' title='bbox 1115 1593 1329 1647; x_wconf 88' lang='lat' dir='ltr'>autem</span> <span class='ocrx_word' id='word_1_82' title='bbox 1359 1582 1649 1646; x_wconf 76' lang='lat' dir='ltr'>homines</span> <span class='ocrx_word' id='word_1_83' title='bbox 1685 1591 1748 1646; x_wconf 86' lang='lat' dir='ltr'>et</span> <span class='ocrx_word' id='word_1_84' title='bbox 1782 1582 2134 1647; x_wconf 83' lang='lat' dir='ltr'>seductores</span> <span class='ocrx_word' id='word_1_85' title='bbox 2157 1582 2500 1669; x_wconf 84' lang='lat' dir='ltr'>proficient</span> <span class='ocrx_word' id='word_1_86' title='bbox 2529 1583 2597 1646; x_wconf 81' lang='lat' dir='ltr'>in</span> <span class='ocrx_word' id='word_1_87' title='bbox 2630 1582 2924 1661; x_wconf 81' lang='lat' dir='ltr'>deterius,</span> 
     </span>
    </p>
   </div>
   <div class='ocr_carea' id='block_1_13' title="bbox 511 1812 2925 2001">
    <p class='ocr_par' dir='ltr' id='par_1_13' title="bbox 511 1812 2925 2001">
     <span class='ocr_line' id='line_1_15' title="bbox 642 1812 2924 1899; baseline 0.002 -24"><span class='ocrx_word' id='word_1_88' title='bbox 642 1814 881 1877; x_wconf 89' lang='lat' dir='ltr'>iterum</span> <span class='ocrx_word' id='word_1_89' title='bbox 923 1813 1051 1877; x_wconf 92' lang='lat' dir='ltr'>hoc</span> <span class='ocrx_word' id='word_1_90' title='bbox 1093 1815 1159 1877; x_wconf 88' lang='lat' dir='ltr'>in</span> <span class='ocrx_word' id='word_1_91' title='bbox 1200 1812 1348 1877; x_wconf 94' lang='lat' dir='ltr'>loco</span> <span class='ocrx_word' id='word_1_92' title='bbox 1391 1813 1748 1895; x_wconf 86' lang='lat' dir='ltr'>‘proficere</span> <span class='ocrx_word' id='word_1_93' title='bbox 1773 1815 1788 1841; x_wconf 88' lang='lat'>’</span> <span class='ocrx_word' id='word_1_94' title='bbox 1819 1814 1998 1879; x_wconf 86' lang='lat' dir='ltr'>dixit</span> <span class='ocrx_word' id='word_1_95' title='bbox 2043 1816 2130 1879; x_wconf 92' lang='lat' dir='ltr'>de</span> <span class='ocrx_word' id='word_1_96' title='bbox 2177 1814 2305 1879; x_wconf 88' lang='lat' dir='ltr'>illis</span> <span class='ocrx_word' id='word_1_97' title='bbox 2341 1817 2455 1899; x_wconf 90' lang='lat' dir='ltr'>qui</span> <span class='ocrx_word' id='word_1_98' title='bbox 2503 1816 2924 1893; x_wconf 88' lang='lat' dir='ltr'>seducuntur,</span> 
     </span>
     <span class='ocr_line' id='line_1_16' title="bbox 511 1915 2925 2001; baseline 0.001 -22"><span class='ocrx_word' id='word_1_99' title='bbox 511 1936 592 1980; x_wconf 92' lang='lat' dir='ltr'>eo</span> <span class='ocrx_word' id='word_1_100' title='bbox 638 1917 819 2001; x_wconf 92' lang='lat' dir='ltr'>quod</span> <span class='ocrx_word' id='word_1_101' title='bbox 867 1936 1233 2001; x_wconf 88' lang='lat' dir='ltr'><strong>numquam</strong></span> <span class='ocrx_word' id='word_1_102' title='bbox 1278 1915 1561 1981; x_wconf 88' lang='lat' dir='ltr'>deficere</span> <span class='ocrx_word' id='word_1_103' title='bbox 1606 1918 1866 2000; x_wconf 85' lang='lat' dir='ltr'>possint</span> <span class='ocrx_word' id='word_1_104' title='bbox 1924 1917 2304 1983; x_wconf 89' lang='lat' dir='ltr'>huiusmodi</span> <span class='ocrx_word' id='word_1_105' title='bbox 2357 1919 2676 1983; x_wconf 87' lang='lat' dir='ltr'>homines.</span> <span class='ocrx_word' id='word_1_106' title='bbox 2769 1940 2925 1983; x_wconf 89' lang='lat' dir='ltr'>nam</span> 
     </span>
    </p>
   </div>
   <div class='ocr_carea' id='block_1_14' title="bbox 510 2022 2928 2110">
    <p class='ocr_par' dir='ltr' id='par_1_14' title="bbox 510 2022 2928 2110">
     <span class='ocr_line' id='line_1_17' title="bbox 510 2022 2928 2110; baseline 0.001 -23"><span class='ocrx_word' id='word_1_107' title='bbox 510 2033 581 2088; x_wconf 88' lang='lat' dir='ltr'>et</span> <span class='ocrx_word' id='word_1_108' title='bbox 629 2032 908 2110; x_wconf 87' lang='lat' dir='ltr'>utraque</span> <span class='ocrx_word' id='word_1_109' title='bbox 945 2026 1349 2107; x_wconf 78' lang='lat' dir='ltr'>quIcumque</span> <span class='ocrx_word' id='word_1_110' title='bbox 1401 2022 1688 2087; x_wconf 86' lang='lat' dir='ltr'>uoluerit</span> <span class='ocrx_word' id='word_1_111' title='bbox 1734 2023 1930 2088; x_wconf 87' lang='lat' dir='ltr'>rebus</span> <span class='ocrx_word' id='word_1_112' title='bbox 1983 2024 2145 2108; x_wconf 87' lang='lat' dir='ltr'>ipsis</span> <span class='ocrx_word' id='word_1_113' title='bbox 2193 2026 2584 2089; x_wconf 86' lang='lat' dir='ltr'>examinare</span> <span class='ocrx_word' id='word_1_114' title='bbox 2631 2026 2928 2089; x_wconf 85' lang='lat' dir='ltr'>inueniet</span> 
     </span>
    </p>
   </div>
   <div class='ocr_carea' id='block_1_15' title="bbox 407 2128 2924 2219">
    <p class='ocr_par' dir='ltr' id='par_1_15' title="bbox 407 2128 2924 2219">
     <span class='ocr_line' id='line_1_18' title="bbox 407 2128 2924 2219; baseline 0 -27"><span class='ocrx_word' id='word_1_115' title='bbox 407 2148 478 2219; x_wconf 82' lang='lat'>15</span> <span class='ocrx_word' id='word_1_116' title='bbox 511 2148 631 2212; x_wconf 91' lang='lat' dir='ltr'>per</span> <span class='ocrx_word' id='word_1_117' title='bbox 659 2150 859 2193; x_wconf 90' lang='lat' dir='ltr'>omne</span> <span class='ocrx_word' id='word_1_118' title='bbox 888 2140 1155 2214; x_wconf 89' lang='lat' dir='ltr'>tempus</span> <span class='ocrx_word' id='word_1_119' title='bbox 1180 2129 1353 2205; x_wconf 79' lang='lat' dir='ltr'>fieri3</span> <span class='ocrx_word' id='word_1_120' title='bbox 1384 2150 1465 2193; x_wconf 90' lang='lat' dir='ltr'>eo</span> <span class='ocrx_word' id='word_1_121' title='bbox 1496 2130 1678 2211; x_wconf 92' lang='lat' dir='ltr'>quod</span> <span class='ocrx_word' id='word_1_122' title='bbox 1711 2130 1930 2193; x_wconf 88' lang='lat' dir='ltr'>omnis</span> <span class='ocrx_word' id='word_1_123' title='bbox 1960 2128 2252 2193; x_wconf 89' lang='lat' dir='ltr'>haeresis</span> <span class='ocrx_word' id='word_1_124' title='bbox 2277 2130 2576 2213; x_wconf 89' lang='lat' dir='ltr'>inprimis</span> <span class='ocrx_word' id='word_1_125' title='bbox 2597 2130 2924 2212; x_wconf 88' lang='lat' dir='ltr'>adparens</span> 
     </span>
    </p>
   </div>
   <div class='ocr_carea' id='block_1_16' title="bbox 511 2232 2926 2420">
    <p class='ocr_par' dir='ltr' id='par_1_16' title="bbox 511 2232 2926 2420">
     <span class='ocr_line' id='line_1_19' title="bbox 512 2232 2924 2317; baseline -0.001 -20"><span class='ocrx_word' id='word_1_126' title='bbox 512 2233 739 2297; x_wconf 87' lang='lat' dir='ltr'>multis</span> <span class='ocrx_word' id='word_1_127' title='bbox 784 2232 861 2298; x_wconf 86' lang='lat' dir='ltr'>fit</span> <span class='ocrx_word' id='word_1_128' title='bbox 907 2235 973 2297; x_wconf 90' lang='lat' dir='ltr'>in</span> <span class='ocrx_word' id='word_1_129' title='bbox 1026 2235 1537 2317; x_wconf 82' lang='lat' dir='ltr'>suspectatione,</span> <span class='ocrx_word' id='word_1_130' title='bbox 1584 2234 1884 2315; x_wconf 86' lang='lat' dir='ltr'>arguitur</span> <span class='ocrx_word' id='word_1_131' title='bbox 1933 2254 2092 2295; x_wconf 88' lang='lat' dir='ltr'>uero</span> <span class='ocrx_word' id='word_1_132' title='bbox 2141 2242 2460 2315; x_wconf 86' lang='lat' dir='ltr'>tempore,</span> <span class='ocrx_word' id='word_1_133' title='bbox 2492 2253 2574 2296; x_wconf 90' lang='lat' dir='ltr'>eo</span> <span class='ocrx_word' id='word_1_134' title='bbox 2624 2233 2804 2315; x_wconf 90' lang='lat' dir='ltr'>quod</span> <span class='ocrx_word' id='word_1_135' title='bbox 2857 2232 2924 2295; x_wconf 90' lang='lat' dir='ltr'>in</span> 
     </span>
     <span class='ocr_line' id='line_1_20' title="bbox 511 2335 2926 2420; baseline -0.001 -21"><span class='ocrx_word' id='word_1_136' title='bbox 511 2337 915 2401; x_wconf 90' lang='lat' dir='ltr'>aduentione</span> <span class='ocrx_word' id='word_1_137' title='bbox 976 2337 1133 2402; x_wconf 88' lang='lat' dir='ltr'>noui</span> <span class='ocrx_word' id='word_1_138' title='bbox 1207 2337 1549 2420; x_wconf 87' lang='lat' dir='ltr'>dogmatis</span> <span class='ocrx_word' id='word_1_139' title='bbox 1605 2356 1743 2400; x_wconf 90' lang='lat' dir='ltr'>non</span> <span class='ocrx_word' id='word_1_140' title='bbox 1819 2344 2103 2419; x_wconf 88' lang='lat' dir='ltr'>possunt</span> <span class='ocrx_word' id='word_1_141' title='bbox 2161 2336 2383 2399; x_wconf 89' lang='lat' dir='ltr'>minus</span> <span class='ocrx_word' id='word_1_142' title='bbox 2457 2335 2737 2398; x_wconf 89' lang='lat' dir='ltr'>inueniri</span> <span class='ocrx_word' id='word_1_143' title='bbox 2811 2336 2926 2417; x_wconf 88' lang='lat' dir='ltr'>qui</span> 
     </span>
    </p>
   </div>
   <div class='ocr_carea' id='block_1_17' title="bbox 510 2444 928 2507">
    <p class='ocr_par' dir='ltr' id='par_1_17' title="bbox 510 2444 928 2507">
     <span class='ocr_line' id='line_1_21' title="bbox 510 2444 928 2507; baseline -0.002 0"><span class='ocrx_word' id='word_1_144' title='bbox 510 2444 928 2507; x_wconf 88' lang='lat' dir='ltr'>seducantur.</span> 
     </span>
    </p>
   </div>
   <div class='ocr_carea' id='block_1_18' title="bbox 639 2590 2432 2678">
    <p class='ocr_par' dir='ltr' id='par_1_18' title="bbox 639 2590 2432 2678">
     <span class='ocr_line' id='line_1_22' title="bbox 639 2590 2432 2678; baseline -0.005 -17"><span class='ocrx_word' id='word_1_145' title='bbox 639 2607 712 2662; x_wconf 84' lang='lat' dir='ltr'>tn</span> <span class='ocrx_word' id='word_1_146' title='bbox 743 2617 893 2660; x_wconf 83' lang='lat' dir='ltr'>nero</span> <span class='ocrx_word' id='word_1_147' title='bbox 906 2607 1218 2678; x_wconf 81' lang='lat' dir='ltr'>permane</span> <span class='ocrx_word' id='word_1_148' title='bbox 1250 2594 1319 2658; x_wconf 83' lang='lat' dir='ltr'>in</span> <span class='ocrx_word' id='word_1_149' title='bbox 1348 2593 1455 2658; x_wconf 72' lang='lat' dir='ltr'>leis</span> <span class='ocrx_word' id='word_1_150' title='bbox 1481 2614 1644 2677; x_wconf 83' lang='lat' dir='ltr'>qnae</span> <span class='ocrx_word' id='word_1_151' title='bbox 1674 2591 1968 2655; x_wconf 79' lang='lat' dir='ltr'>didicisti</span> <span class='ocrx_word' id='word_1_152' title='bbox 1991 2599 2054 2654; x_wconf 86' lang='lat' dir='ltr'>et</span> <span class='ocrx_word' id='word_1_153' title='bbox 2079 2590 2432 2654; x_wconf 81' lang='lat' dir='ltr'>credidisti.</span> 
     </span>
    </p>
   </div>
   <div class='ocr_carea' id='block_1_19' title="bbox 507 2748 1450 3054">
    <p class='ocr_par' dir='ltr' id='par_1_19' title="bbox 507 2748 1450 3054">
     <span class='ocr_line' id='line_1_23' title="bbox 610 2748 1107 2815; baseline -0.006 -16"><span class='ocrx_word' id='word_1_154' title='bbox 610 2767 639 2815; x_wconf 76' lang='lat'><strong>3</strong></span> <span class='ocrx_word' id='word_1_155' title='bbox 672 2748 1053 2813; x_wconf 86' lang='lat' dir='ltr'>animiquiorem</span> <span class='ocrx_word' id='word_1_156' title='bbox 1074 2765 1107 2796; x_wconf 82' lang='lat' dir='ltr'>r</span> 
     </span>
     <span class='ocr_line' id='line_1_24' title="bbox 511 2827 963 2896; baseline -0.011 -15"><span class='ocrx_word' id='word_1_157' title='bbox 511 2830 627 2896; x_wconf 84' lang='lat' dir='ltr'>(sor</span> <span class='ocrx_word' id='word_1_158' title='bbox 644 2827 911 2895; x_wconf 87' lang='lat' dir='ltr'>prolatam)</span> <span class='ocrx_word' id='word_1_159' title='bbox 932 2845 963 2877; x_wconf 86' lang='lat' dir='ltr'>r</span> 
     </span>
     <span class='ocr_line' id='line_1_25' title="bbox 516 2909 1017 2975; baseline -0.01 -13"><span class='ocrx_word' id='word_1_160' title='bbox 516 2929 573 2975; x_wconf 88' lang='lat'>14</span> <span class='ocrx_word' id='word_1_161' title='bbox 609 2911 661 2960; x_wconf 91' lang='lat' dir='ltr'>in</span> <span class='ocrx_word' id='word_1_162' title='bbox 682 2919 893 2974; x_wconf 88' lang='lat' dir='ltr'>utroque</span> <span class='ocrx_word' id='word_1_163' title='bbox 922 2909 967 2958; x_wconf 91' lang='lat' dir='ltr'><em>C</em></span> <span class='ocrx_word' id='word_1_164' title='bbox 984 2925 1017 2958; x_wconf 90' lang='lat' dir='ltr'>r</span> 
     </span>
     <span class='ocr_line' id='line_1_26' title="bbox 507 2987 1450 3054; baseline -0.005 -12"><span class='ocrx_word' id='word_1_165' title='bbox 507 2993 697 3042; x_wconf 87' lang='lat' dir='ltr'>tionem</span> <span class='ocrx_word' id='word_1_166' title='bbox 720 3007 753 3040; x_wconf 81' lang='lat' dir='ltr'>r</span> <span class='ocrx_word' id='word_1_167' title='bbox 966 3004 1025 3054; x_wconf 87' lang='lat'>19</span> <span class='ocrx_word' id='word_1_168' title='bbox 1056 2987 1237 3038; x_wconf 84' lang='lat' dir='ltr'>didisci</span> <span class='ocrx_word' id='word_1_169' title='bbox 1262 2987 1361 3054; x_wconf 83' lang='lat' dir='ltr'>(sic)</span> <span class='ocrx_word' id='word_1_170' title='bbox 1380 2989 1450 3037; x_wconf 78' lang='grc' dir='ltr'><em>Η</em></span> 
     </span>
    </p>
   </div>
   <div class='ocr_carea' id='block_1_20' title="bbox 580 3119 1684 3183">
    <p class='ocr_par' dir='ltr' id='par_1_20' title="bbox 580 3119 1684 3183">
     <span class='ocr_line' id='line_1_27' title="bbox 580 3119 1684 3183; baseline -0.001 -12"><span class='ocrx_word' id='word_1_171' title='bbox 580 3138 621 3171; x_wconf 91' lang='lat'>1.</span> <span class='ocrx_word' id='word_1_172' title='bbox 692 3121 749 3169; x_wconf 77' lang='lat' dir='ltr'>in</span> <span class='ocrx_word' id='word_1_173' title='bbox 782 3119 1069 3181; x_wconf 81' lang='lat' dir='ltr'>Antiochia,</span> <span class='ocrx_word' id='word_1_174' title='bbox 1104 3121 1161 3170; x_wconf 80' lang='lat' dir='ltr'>in</span> <span class='ocrx_word' id='word_1_175' title='bbox 1194 3121 1383 3182; x_wconf 81' lang='lat' dir='ltr'>Iconio]</span> <span class='ocrx_word' id='word_1_176' title='bbox 1442 3123 1513 3172; x_wconf 93' lang='lat' dir='ltr'>So</span> <span class='ocrx_word' id='word_1_177' title='bbox 1541 3121 1684 3183; x_wconf 87' lang='lat' dir='ltr'>Gk.;</span> 
     </span>
    </p>
   </div>
   <div class='ocr_carea' id='block_1_21' title="bbox 507 3201 1674 4490">
    <p class='ocr_par' dir='ltr' id='par_1_21' title="bbox 507 3201 1674 3840">
     <span class='ocr_line' id='line_1_28' title="bbox 509 3201 1669 3267; baseline -0.001 -14"><span class='ocrx_word' id='word_1_178' title='bbox 509 3203 575 3254; x_wconf 88' lang='grc' dir='ltr'>Ο.</span> <span class='ocrx_word' id='word_1_179' title='bbox 594 3203 673 3260; x_wconf 67' lang='lat' dir='ltr'>L„</span> <span class='ocrx_word' id='word_1_180' title='bbox 694 3201 1024 3261; x_wconf 60' lang='lat' dir='ltr'>“Antiochh,</span> <span class='ocrx_word' id='word_1_181' title='bbox 1043 3203 1217 3252; x_wconf 84' lang='lat' dir='ltr'>Iconio</span> <span class='ocrx_word' id='word_1_182' title='bbox 1230 3219 1243 3262; x_wconf 80' lang='lat'><em>3</em></span> <span class='ocrx_word' id='word_1_183' title='bbox 1256 3203 1288 3226; x_wconf 91' lang='grc'>”</span> <span class='ocrx_word' id='word_1_184' title='bbox 1324 3203 1495 3267; x_wconf 85' lang='lat' dir='ltr'>Vulg.,</span> <span class='ocrx_word' id='word_1_185' title='bbox 1515 3207 1545 3230; x_wconf 88' lang='grc'>“</span> <span class='ocrx_word' id='word_1_186' title='bbox 1559 3204 1669 3252; x_wconf 84' lang='lat' dir='ltr'>An·</span> 
     </span>
     <span class='ocr_line' id='line_1_29' title="bbox 508 3281 1672 3340; baseline -0.001 -7"><span class='ocrx_word' id='word_1_187' title='bbox 508 3282 739 3340; x_wconf 78' lang='lat' dir='ltr'>tiochiae‚</span> <span class='ocrx_word' id='word_1_188' title='bbox 780 3282 995 3332; x_wconf 83' lang='lat' dir='ltr'>Iconii.”</span> <span class='ocrx_word' id='word_1_189' title='bbox 1080 3283 1180 3332; x_wconf 89' lang='lat' dir='ltr'>Th.</span> <span class='ocrx_word' id='word_1_190' title='bbox 1224 3281 1490 3333; x_wconf 81' lang='lat' dir='ltr'>overlooks</span> <span class='ocrx_word' id='word_1_191' title='bbox 1533 3283 1672 3332; x_wconf 86' lang='lat' dir='ltr'>what</span> 
     </span>
     <span class='ocr_line' id='line_1_30' title="bbox 510 3360 1670 3428; baseline -0.001 -14"><span class='ocrx_word' id='word_1_192' title='bbox 510 3364 691 3428; x_wconf 79' lang='lat' dir='ltr'>Chrys.</span> <span class='ocrx_word' id='word_1_193' title='bbox 726 3361 977 3428; x_wconf 85' lang='lat' dir='ltr'>(followed</span> <span class='ocrx_word' id='word_1_194' title='bbox 1013 3363 1082 3428; x_wconf 85' lang='lat' dir='ltr'>by</span> <span class='ocrx_word' id='word_1_195' title='bbox 1108 3360 1285 3426; x_wconf 87' lang='lat' dir='ltr'>Thdt.)</span> <span class='ocrx_word' id='word_1_196' title='bbox 1322 3366 1365 3414; x_wconf 86' lang='lat' dir='ltr'>is</span> <span class='ocrx_word' id='word_1_197' title='bbox 1396 3363 1580 3414; x_wconf 84' lang='lat' dir='ltr'>careful</span> <span class='ocrx_word' id='word_1_198' title='bbox 1616 3371 1670 3413; x_wconf 91' lang='lat' dir='ltr'>to</span> 
     </span>
     <span class='ocr_line' id='line_1_31' title="bbox 507 3443 1674 3512; baseline -0.002 -16"><span class='ocrx_word' id='word_1_199' title='bbox 507 3446 654 3512; x_wconf 86' lang='lat' dir='ltr'>point</span> <span class='ocrx_word' id='word_1_200' title='bbox 695 3452 799 3502; x_wconf 88' lang='lat' dir='ltr'>out,</span> <span class='ocrx_word' id='word_1_201' title='bbox 842 3443 931 3494; x_wconf 84' lang='lat' dir='ltr'>the</span> <span class='ocrx_word' id='word_1_202' title='bbox 972 3444 1404 3508; x_wconf 84' lang='lat' dir='ltr'>appropriateness</span> <span class='ocrx_word' id='word_1_203' title='bbox 1436 3444 1496 3493; x_wconf 82' lang='lat' dir='ltr'>of</span> <span class='ocrx_word' id='word_1_204' title='bbox 1530 3444 1674 3494; x_wconf 88' lang='lat' dir='ltr'>these</span> 
     </span>
     <span class='ocr_line' id='line_1_32' title="bbox 510 3524 1672 3590; baseline -0.001 -13"><span class='ocrx_word' id='word_1_205' title='bbox 510 3527 643 3578; x_wconf 83' lang='lat' dir='ltr'>local</span> <span class='ocrx_word' id='word_1_206' title='bbox 664 3527 938 3578; x_wconf 79' lang='lat' dir='ltr'>references</span> <span class='ocrx_word' id='word_1_207' title='bbox 960 3526 1012 3574; x_wconf 91' lang='lat' dir='ltr'>in</span> <span class='ocrx_word' id='word_1_208' title='bbox 1034 3543 1101 3576; x_wconf 83' lang='lat' dir='ltr'>an</span> <span class='ocrx_word' id='word_1_209' title='bbox 1122 3524 1301 3590; x_wconf 87' lang='lat' dir='ltr'>epistle</span> <span class='ocrx_word' id='word_1_210' title='bbox 1324 3525 1594 3576; x_wconf 83' lang='lat' dir='ltr'>addressed</span> <span class='ocrx_word' id='word_1_211' title='bbox 1616 3533 1672 3576; x_wconf 92' lang='lat' dir='ltr'>to</span> 
     </span>
     <span class='ocr_line' id='line_1_33' title="bbox 512 3609 1670 3675; baseline -0.005 -11"><span class='ocrx_word' id='word_1_212' title='bbox 512 3613 570 3664; x_wconf 90' lang='lat' dir='ltr'>S.</span> <span class='ocrx_word' id='word_1_213' title='bbox 594 3613 639 3662; x_wconf 92' lang='lat' dir='ltr'>T</span> <span class='ocrx_word' id='word_1_214' title='bbox 642 3611 863 3675; x_wconf 75' lang='lat' dir='ltr'>imoth53</span> <span class='ocrx_word' id='word_1_215' title='bbox 898 3609 961 3660; x_wconf 82' lang='lat' dir='ltr'>cs.</span> <span class='ocrx_word' id='word_1_216' title='bbox 990 3609 1116 3659; x_wconf 87' lang='lat' dir='ltr'>Acts</span> <span class='ocrx_word' id='word_1_217' title='bbox 1147 3609 1245 3659; x_wconf 75' lang='lat' dir='ltr'>xvi.</span> <span class='ocrx_word' id='word_1_218' title='bbox 1279 3626 1321 3667; x_wconf 81' lang='grc' dir='ltr'>ι.</span> <span class='ocrx_word' id='word_1_219' title='bbox 1348 3623 1393 3660; x_wconf 73' lang='lat'>01.</span> <span class='ocrx_word' id='word_1_220' title='bbox 1464 3609 1670 3659; x_wconf 81' lang='lat' dir='ltr'>Libera-</span> 
     </span>
     <span class='ocr_line' id='line_1_34' title="bbox 508 3690 1670 3755; baseline -0.005 -11"><span class='ocrx_word' id='word_1_221' title='bbox 508 3696 592 3744; x_wconf 81' lang='lat' dir='ltr'>m&#39;t</span> <span class='ocrx_word' id='word_1_222' title='bbox 608 3713 623 3755; x_wconf 70' lang='grc' dir='ltr'>ς</span> <span class='ocrx_word' id='word_1_223' title='bbox 656 3710 713 3743; x_wconf 89' lang='lat' dir='ltr'>so</span> <span class='ocrx_word' id='word_1_224' title='bbox 735 3693 1007 3752; x_wconf 86' lang='lat' dir='ltr'>Ambrstr.,</span> <span class='ocrx_word' id='word_1_225' title='bbox 1036 3691 1273 3750; x_wconf 64' lang='lat' dir='ltr'>Claram„</span> <span class='ocrx_word' id='word_1_226' title='bbox 1297 3690 1469 3741; x_wconf 89' lang='lat' dir='ltr'>Sedul.</span> <span class='ocrx_word' id='word_1_227' title='bbox 1499 3691 1638 3742; x_wconf 86' lang='lat' dir='ltr'>Scot.</span> <span class='ocrx_word' id='word_1_228' title='bbox 1654 3709 1670 3752; x_wconf 71' lang='grc' dir='ltr'>ς</span> 
     </span>
     <span class='ocr_line' id='line_1_35' title="bbox 510 3771 986 3840; baseline -0.013 -14"><span class='ocrx_word' id='word_1_229' title='bbox 510 3777 683 3840; x_wconf 74' lang='lat' dir='ltr'>vulg..</span> <span class='ocrx_word' id='word_1_230' title='bbox 706 3781 738 3802; x_wconf 79' lang='lat'>‘⁶</span> <span class='ocrx_word' id='word_1_231' title='bbox 753 3771 986 3838; x_wconf 86' lang='lat' dir='ltr'>eripuit.’&#39;</span> 
     </span>
    </p>

    <p class='ocr_par' dir='ltr' id='par_1_22' title="bbox 510 3851 1671 4002">
     <span class='ocr_line' id='line_1_36' title="bbox 584 3851 1671 3918; baseline -0.002 -13"><span class='ocrx_word' id='word_1_232' title='bbox 584 3869 660 3905; x_wconf 85' lang='lat' dir='ltr'>ro.</span> <span class='ocrx_word' id='word_1_233' title='bbox 708 3855 767 3904; x_wconf 76' lang='lat' dir='ltr'>in</span> <span class='ocrx_word' id='word_1_234' title='bbox 787 3852 1020 3914; x_wconf 68' lang='lat' dir='ltr'>deterius]</span> <span class='ocrx_word' id='word_1_235' title='bbox 1084 3851 1155 3902; x_wconf 90' lang='grc' dir='ltr'>Ο.</span> <span class='ocrx_word' id='word_1_236' title='bbox 1172 3853 1233 3902; x_wconf 89' lang='lat' dir='ltr'>L.</span> <span class='ocrx_word' id='word_1_237' title='bbox 1254 3852 1357 3902; x_wconf 79' lang='lat' dir='ltr'>and</span> <span class='ocrx_word' id='word_1_238' title='bbox 1380 3853 1549 3918; x_wconf 67' lang='lat' dir='ltr'>Vulg„</span> <span class='ocrx_word' id='word_1_239' title='bbox 1578 3853 1671 3904; x_wconf 83' lang='lat' dir='ltr'>“in</span> 
     </span>
     <span class='ocr_line' id='line_1_37' title="bbox 510 3935 707 4002; baseline -0.015 -16"><span class='ocrx_word' id='word_1_240' title='bbox 510 3935 707 4002; x_wconf 74' lang='lat' dir='ltr'>peius-’³</span> 
     </span>
    </p>

    <p class='ocr_par' dir='ltr' id='par_1_23' title="bbox 513 4015 1672 4164">
     <span class='ocr_line' id='line_1_38' title="bbox 584 4015 1672 4081; baseline -0.001 -14"><span class='ocrx_word' id='word_1_241' title='bbox 584 4033 660 4067; x_wconf 82' lang='lat'>12.</span> <span class='ocrx_word' id='word_1_242' title='bbox 729 4017 907 4065; x_wconf 79' lang='lat' dir='ltr'>iterum</span> <span class='ocrx_word' id='word_1_243' title='bbox 953 4015 1039 4064; x_wconf 77' lang='lat' dir='ltr'>hoc</span> <span class='ocrx_word' id='word_1_244' title='bbox 1083 4015 1141 4064; x_wconf 73' lang='lat' dir='ltr'>in</span> <span class='ocrx_word' id='word_1_245' title='bbox 1184 4015 1301 4077; x_wconf 84' lang='lat' dir='ltr'>loco]</span> <span class='ocrx_word' id='word_1_246' title='bbox 1382 4015 1460 4065; x_wconf 84' lang='lat' dir='ltr'>Cf.</span> <span class='ocrx_word' id='word_1_247' title='bbox 1498 4023 1672 4081; x_wconf 80' lang='lat' dir='ltr'>supra,</span> 
     </span>
     <span class='ocr_line' id='line_1_39' title="bbox 513 4097 1031 4164; baseline -0.002 -17"><span class='ocrx_word' id='word_1_248' title='bbox 513 4115 565 4164; x_wconf 89' lang='lat' dir='ltr'>p.</span> <span class='ocrx_word' id='word_1_249' title='bbox 590 4099 702 4157; x_wconf 81' lang='lat'>218,</span> <span class='ocrx_word' id='word_1_250' title='bbox 730 4097 764 4146; x_wconf 93' lang='lat'>1.</span> <span class='ocrx_word' id='word_1_251' title='bbox 800 4113 873 4154; x_wconf 81' lang='lat'>12,</span> <span class='ocrx_word' id='word_1_252' title='bbox 897 4106 1031 4147; x_wconf 88' lang='lat' dir='ltr'>note.</span> 
     </span>
    </p>

    <p class='ocr_par' dir='ltr' id='par_1_24' title="bbox 511 4179 1674 4490">
     <span class='ocr_line' id='line_1_40' title="bbox 586 4179 1673 4245; baseline 0 -15"><span class='ocrx_word' id='word_1_253' title='bbox 586 4197 659 4241; x_wconf 83' lang='lat'>14.</span> <span class='ocrx_word' id='word_1_254' title='bbox 720 4179 952 4244; x_wconf 80' lang='lat' dir='ltr'>utraque]</span> <span class='ocrx_word' id='word_1_255' title='bbox 1037 4179 1271 4230; x_wconf 78' lang='lat' dir='ltr'>‘Caresul</span> <span class='ocrx_word' id='word_1_256' title='bbox 1316 4179 1525 4245; x_wconf 85' lang='lat' dir='ltr'>enquiry</span> <span class='ocrx_word' id='word_1_257' title='bbox 1568 4181 1673 4230; x_wconf 86' lang='lat' dir='ltr'>will</span> 
     </span>
     <span class='ocr_line' id='line_1_41' title="bbox 512 4261 1674 4322; baseline -0.001 -10"><span class='ocrx_word' id='word_1_258' title='bbox 512 4261 755 4312; x_wconf 85' lang='lat' dir='ltr'>establish</span> <span class='ocrx_word' id='word_1_259' title='bbox 799 4262 935 4310; x_wconf 88' lang='lat' dir='ltr'>these</span> <span class='ocrx_word' id='word_1_260' title='bbox 980 4269 1082 4310; x_wconf 84' lang='lat' dir='ltr'>two</span> <span class='ocrx_word' id='word_1_261' title='bbox 1126 4261 1281 4312; x_wconf 82' lang='lat' dir='ltr'>facts:</span> <span class='ocrx_word' id='word_1_262' title='bbox 1330 4263 1403 4322; x_wconf 86' lang='lat'>(1)</span> <span class='ocrx_word' id='word_1_263' title='bbox 1450 4262 1559 4311; x_wconf 83' lang='lat' dir='ltr'>that</span> <span class='ocrx_word' id='word_1_264' title='bbox 1604 4263 1674 4312; x_wconf 87' lang='lat' dir='ltr'>all</span> 
     </span>
     <span class='ocr_line' id='line_1_42' title="bbox 512 4341 1673 4408; baseline 0 -14"><span class='ocrx_word' id='word_1_265' title='bbox 512 4343 729 4394; x_wconf 84' lang='lat' dir='ltr'>heresics</span> <span class='ocrx_word' id='word_1_266' title='bbox 750 4349 801 4392; x_wconf 86' lang='lat' dir='ltr'>at</span> <span class='ocrx_word' id='word_1_267' title='bbox 825 4342 952 4391; x_wconf 79' lang='lat' dir='ltr'>their</span> <span class='ocrx_word' id='word_1_268' title='bbox 976 4341 1079 4392; x_wconf 84' lang='lat' dir='ltr'>first</span> <span class='ocrx_word' id='word_1_269' title='bbox 1102 4359 1412 4408; x_wconf 83' lang='lat' dir='ltr'>appearance</span> <span class='ocrx_word' id='word_1_270' title='bbox 1445 4344 1673 4408; x_wconf 83' lang='lat' dir='ltr'>provoke</span> 
     </span>
     <span class='ocr_line' id='line_1_43' title="bbox 511 4422 1671 4490; baseline -0.002 -14"><span class='ocrx_word' id='word_1_271' title='bbox 511 4425 792 4490; x_wconf 69' lang='lat' dir='ltr'>suspiciam</span> <span class='ocrx_word' id='word_1_272' title='bbox 834 4423 900 4486; x_wconf 82' lang='lat'>(2)</span> <span class='ocrx_word' id='word_1_273' title='bbox 934 4424 1042 4474; x_wconf 85' lang='lat' dir='ltr'>that</span> <span class='ocrx_word' id='word_1_274' title='bbox 1077 4422 1205 4474; x_wconf 88' lang='lat' dir='ltr'>their</span> <span class='ocrx_word' id='word_1_275' title='bbox 1241 4424 1488 4488; x_wconf 85' lang='lat' dir='ltr'>thorough</span> <span class='ocrx_word' id='word_1_276' title='bbox 1520 4441 1671 4489; x_wconf 88' lang='lat' dir='ltr'>expo-</span> 
     </span>
    </p>
   </div>
   <div class='ocr_carea' id='block_1_22' title="bbox 1108 2743 2072 2970">
    <p class='ocr_par' dir='ltr' id='par_1_25' title="bbox 1108 2743 2072 2970">
     <span class='ocr_line' id='line_1_44' title="bbox 1317 2743 2072 2809; baseline -0.007 -14"><span class='ocrx_word' id='word_1_277' title='bbox 1317 2758 1345 2807; x_wconf 85' lang='lat'>5</span> <span class='ocrx_word' id='word_1_278' title='bbox 1381 2744 1556 2809; x_wconf 84' lang='lat' dir='ltr'>inquid</span> <span class='ocrx_word' id='word_1_279' title='bbox 1580 2743 1681 2806; x_wconf 80' lang='lat' dir='ltr'>(ast</span> <span class='ocrx_word' id='word_1_280' title='bbox 1700 2745 1859 2804; x_wconf 91' lang='lat' dir='ltr'>omn.)</span> <span class='ocrx_word' id='word_1_281' title='bbox 1884 2743 1990 2791; x_wconf 80' lang='lat' dir='ltr'>add</span> <span class='ocrx_word' id='word_1_282' title='bbox 2005 2743 2072 2790; x_wconf 87' lang='lat' dir='ltr'><em>H</em></span> 
     </span>
     <span class='ocr_line' id='line_1_45' title="bbox 1108 2825 1683 2892; baseline -0.005 -16"><span class='ocrx_word' id='word_1_283' title='bbox 1108 2829 1138 2876; x_wconf 91' lang='lat'>8</span> <span class='ocrx_word' id='word_1_284' title='bbox 1173 2828 1225 2876; x_wconf 83' lang='lat' dir='ltr'>in</span> <span class='ocrx_word' id='word_1_285' title='bbox 1248 2825 1503 2892; x_wconf 72' lang='lat' dir='ltr'>(bcfhaec)</span> <span class='ocrx_word' id='word_1_286' title='bbox 1528 2826 1633 2874; x_wconf 83' lang='lat' dir='ltr'>add</span> <span class='ocrx_word' id='word_1_287' title='bbox 1650 2841 1683 2873; x_wconf 84' lang='lat' dir='ltr'><em>r</em></span> 
     </span>
     <span class='ocr_line' id='line_1_46' title="bbox 1215 2904 1926 2970; baseline -0.003 -14"><span class='ocrx_word' id='word_1_288' title='bbox 1215 2922 1271 2970; x_wconf 83' lang='lat'>15</span> <span class='ocrx_word' id='word_1_289' title='bbox 1306 2923 1481 2956; x_wconf 91' lang='lat' dir='ltr'>omnes</span> <span class='ocrx_word' id='word_1_290' title='bbox 1503 2907 1731 2956; x_wconf 84' lang='lat' dir='ltr'>haereses</span> <span class='ocrx_word' id='word_1_291' title='bbox 1759 2905 1803 2954; x_wconf 89' lang='lat' dir='ltr'><strong><em>C</em></strong></span> <span class='ocrx_word' id='word_1_292' title='bbox 1817 2904 1839 2928; x_wconf 71' lang='lat'>&#39;¹</span> <span class='ocrx_word' id='word_1_293' title='bbox 1856 2905 1926 2954; x_wconf 81' lang='lat' dir='ltr'><em>H</em></span> 
     </span>
    </p>
   </div>
   <div class='ocr_carea' id='block_1_23' title="bbox 1809 2740 2936 2972">
    <p class='ocr_par' dir='ltr' id='par_1_26' title="bbox 1809 2740 2936 2972">
     <span class='ocr_line' id='line_1_47' title="bbox 2272 2740 2925 2807; baseline 0.008 -17"><span class='ocrx_word' id='word_1_294' title='bbox 2272 2753 2300 2805; x_wconf 82' lang='lat'><em>7</em></span> <span class='ocrx_word' id='word_1_295' title='bbox 2335 2757 2426 2792; x_wconf 89' lang='lat' dir='ltr'>nos</span> <span class='ocrx_word' id='word_1_296' title='bbox 2447 2742 2606 2792; x_wconf 85' lang='lat' dir='ltr'>omH</span> <span class='ocrx_word' id='word_1_297' title='bbox 2627 2740 2635 2805; x_wconf 92' lang='grc' dir='ltr'><strong>Ι</strong></span> <span class='ocrx_word' id='word_1_298' title='bbox 2663 2744 2925 2807; x_wconf 84' lang='lat' dir='ltr'>probatam</span> 
     </span>
     <span class='ocr_line' id='line_1_48' title="bbox 1809 2825 2936 2889; baseline 0.003 -16"><span class='ocrx_word' id='word_1_299' title='bbox 1809 2839 1841 2888; x_wconf 91' lang='lat'>9</span> <span class='ocrx_word' id='word_1_300' title='bbox 1874 2825 2270 2888; x_wconf 80' lang='lat' dir='ltr'>persecutionem</span> <span class='ocrx_word' id='word_1_301' title='bbox 2294 2825 2363 2872; x_wconf 78' lang='lat' dir='ltr'><em>H</em></span> <span class='ocrx_word' id='word_1_302' title='bbox 2501 2839 2560 2874; x_wconf 87' lang='lat'>10</span> <span class='ocrx_word' id='word_1_303' title='bbox 2593 2825 2847 2889; x_wconf 87' lang='lat' dir='ltr'>pacienter</span> <span class='ocrx_word' id='word_1_304' title='bbox 2868 2828 2936 2876; x_wconf 75' lang='lat' dir='ltr'>J!</span> 
     </span>
     <span class='ocr_line' id='line_1_49' title="bbox 2123 2903 2924 2972; baseline 0.002 -18"><span class='ocrx_word' id='word_1_305' title='bbox 2123 2903 2182 2955; x_wconf 87' lang='lat'>16</span> <span class='ocrx_word' id='word_1_306' title='bbox 2215 2904 2530 2972; x_wconf 87' lang='lat' dir='ltr'>suspectione</span> <span class='ocrx_word' id='word_1_307' title='bbox 2551 2907 2619 2955; x_wconf 88' lang='lat' dir='ltr'><em>H</em></span> <span class='ocrx_word' id='word_1_308' title='bbox 2636 2905 2644 2971; x_wconf 83' lang='grc' dir='ltr'><strong>Ι</strong></span> <span class='ocrx_word' id='word_1_309' title='bbox 2675 2915 2924 2972; x_wconf 85' lang='lat' dir='ltr'>suspecta-</span> 
     </span>
    </p>
   </div>
   <div class='ocr_carea' id='block_1_24' title="bbox 1763 3117 2935 4487">
    <p class='ocr_par' dir='ltr' id='par_1_27' title="bbox 1763 3117 2935 3512">
     <span class='ocr_line' id='line_1_50' title="bbox 1763 3117 2935 3184; baseline 0.001 -16"><span class='ocrx_word' id='word_1_310' title='bbox 1763 3133 1878 3168; x_wconf 82' lang='lat' dir='ltr'>sure</span> <span class='ocrx_word' id='word_1_311' title='bbox 1909 3118 2013 3167; x_wconf 85' lang='lat' dir='ltr'>and</span> <span class='ocrx_word' id='word_1_312' title='bbox 2044 3117 2310 3168; x_wconf 81' lang='lat' dir='ltr'>refutation</span> <span class='ocrx_word' id='word_1_313' title='bbox 2345 3117 2386 3168; x_wconf 88' lang='lat' dir='ltr'>is</span> <span class='ocrx_word' id='word_1_314' title='bbox 2419 3118 2605 3184; x_wconf 85' lang='lat' dir='ltr'>always</span> <span class='ocrx_word' id='word_1_315' title='bbox 2638 3135 2669 3169; x_wconf 89' lang='lat' dir='ltr'>a</span> <span class='ocrx_word' id='word_1_316' title='bbox 2699 3120 2838 3169; x_wconf 83' lang='lat' dir='ltr'>work</span> <span class='ocrx_word' id='word_1_317' title='bbox 2875 3121 2935 3170; x_wconf 85' lang='lat' dir='ltr'>of</span> 
     </span>
     <span class='ocr_line' id='line_1_51' title="bbox 1767 3200 2926 3264; baseline 0.001 -15"><span class='ocrx_word' id='word_1_318' title='bbox 1767 3200 1924 3251; x_wconf 65' lang='lat' dir='ltr'>time!</span> <span class='ocrx_word' id='word_1_319' title='bbox 1991 3200 2253 3264; x_wconf 82' lang='lat' dir='ltr'>Suspectio,</span> <span class='ocrx_word' id='word_1_320' title='bbox 2281 3200 2580 3264; x_wconf 69' lang='lat' dir='ltr'>smpcctatis,</span> <span class='ocrx_word' id='word_1_321' title='bbox 2609 3216 2693 3249; x_wconf 88' lang='lat' dir='ltr'>are</span> <span class='ocrx_word' id='word_1_322' title='bbox 2725 3201 2926 3251; x_wconf 86' lang='lat' dir='ltr'>collate·</span> 
     </span>
     <span class='ocr_line' id='line_1_52' title="bbox 1766 3282 2929 3348; baseline 0.002 -16"><span class='ocrx_word' id='word_1_323' title='bbox 1766 3285 1842 3332; x_wconf 86' lang='lat' dir='ltr'>ral</span> <span class='ocrx_word' id='word_1_324' title='bbox 1860 3282 2013 3333; x_wconf 88' lang='lat' dir='ltr'>sorms</span> <span class='ocrx_word' id='word_1_325' title='bbox 2034 3283 2093 3332; x_wconf 85' lang='lat' dir='ltr'>os</span> <span class='ocrx_word' id='word_1_326' title='bbox 2111 3283 2195 3333; x_wconf 87' lang='lat' dir='ltr'>the</span> <span class='ocrx_word' id='word_1_327' title='bbox 2218 3283 2442 3333; x_wconf 80' lang='lat' dir='ltr'>classical</span> <span class='ocrx_word' id='word_1_328' title='bbox 2475 3283 2738 3348; x_wconf 85' lang='lat' dir='ltr'>“suspicio</span> <span class='ocrx_word' id='word_1_329' title='bbox 2754 3284 2811 3342; x_wconf 87' lang='lat'>;”</span> <span class='ocrx_word' id='word_1_330' title='bbox 2845 3301 2929 3334; x_wconf 92' lang='lat' dir='ltr'>see</span> 
     </span>
     <span class='ocr_line' id='line_1_53' title="bbox 1768 3363 2928 3416; baseline 0.001 -1"><span class='ocrx_word' id='word_1_331' title='bbox 1768 3364 1898 3415; x_wconf 82' lang='lat' dir='ltr'>lexx.</span> <span class='ocrx_word' id='word_1_332' title='bbox 1957 3365 2211 3414; x_wconf 81' lang='lat' dir='ltr'>Aduentio</span> <span class='ocrx_word' id='word_1_333' title='bbox 2233 3364 2310 3414; x_wconf 81' lang='lat' dir='ltr'>for</span> <span class='ocrx_word' id='word_1_334' title='bbox 2333 3365 2621 3415; x_wconf 86' lang='lat' dir='ltr'>“aduentus</span> <span class='ocrx_word' id='word_1_335' title='bbox 2638 3363 2668 3388; x_wconf 86' lang='lat'>’‘</span> <span class='ocrx_word' id='word_1_336' title='bbox 2691 3381 2852 3416; x_wconf 86' lang='lat' dir='ltr'>seems</span> <span class='ocrx_word' id='word_1_337' title='bbox 2874 3374 2928 3416; x_wconf 90' lang='lat' dir='ltr'>to</span> 
     </span>
     <span class='ocr_line' id='line_1_54' title="bbox 1767 3447 2333 3512; baseline -0.002 -15"><span class='ocrx_word' id='word_1_338' title='bbox 1767 3447 1832 3498; x_wconf 91' lang='lat' dir='ltr'>be</span> <span class='ocrx_word' id='word_1_339' title='bbox 1855 3447 2064 3498; x_wconf 83' lang='lat' dir='ltr'>without</span> <span class='ocrx_word' id='word_1_340' title='bbox 2089 3448 2333 3512; x_wconf 87' lang='lat' dir='ltr'>example.</span> 
     </span>
    </p>

    <p class='ocr_par' dir='ltr' id='par_1_28' title="bbox 1768 3531 2930 3743">
     <span class='ocr_line' id='line_1_55' title="bbox 1841 3531 2930 3594; baseline -0.001 -13"><span class='ocrx_word' id='word_1_341' title='bbox 1841 3545 1918 3593; x_wconf 82' lang='lat'>17.</span> <span class='ocrx_word' id='word_1_342' title='bbox 1965 3547 2067 3579; x_wconf 80' lang='lat' dir='ltr'>non</span> <span class='ocrx_word' id='word_1_343' title='bbox 2081 3537 2292 3594; x_wconf 81' lang='lat' dir='ltr'>possunt</span> <span class='ocrx_word' id='word_1_344' title='bbox 2313 3531 2484 3580; x_wconf 80' lang='lat' dir='ltr'>minus</span> <span class='ocrx_word' id='word_1_345' title='bbox 2503 3531 2737 3580; x_wconf 76' lang='lat' dir='ltr'>inueniri</span> <span class='ocrx_word' id='word_1_346' title='bbox 2741 3531 2930 3592; x_wconf 88' lang='lat' dir='ltr'>]=non</span> 
     </span>
     <span class='ocr_line' id='line_1_56' title="bbox 1769 3613 2928 3680; baseline 0.003 -19"><span class='ocrx_word' id='word_1_347' title='bbox 1769 3629 1822 3678; x_wconf 93' lang='lat' dir='ltr'>p.</span> <span class='ocrx_word' id='word_1_348' title='bbox 1846 3629 1948 3662; x_wconf 87' lang='lat' dir='ltr'>non</span> <span class='ocrx_word' id='word_1_349' title='bbox 1971 3613 2198 3675; x_wconf 84' lang='lat' dir='ltr'>inueniri,</span> <span class='ocrx_word' id='word_1_350' title='bbox 2227 3629 2328 3663; x_wconf 88' lang='lat' dir='ltr'>non</span> <span class='ocrx_word' id='word_1_351' title='bbox 2359 3621 2525 3679; x_wconf 88' lang='lat' dir='ltr'>potest</span> <span class='ocrx_word' id='word_1_352' title='bbox 2559 3614 2664 3664; x_wconf 81' lang='lat' dir='ltr'>sieri</span> <span class='ocrx_word' id='word_1_353' title='bbox 2698 3615 2820 3680; x_wconf 84' lang='lat' dir='ltr'>quin</span> <span class='ocrx_word' id='word_1_354' title='bbox 2853 3615 2928 3665; x_wconf 90' lang='lat' dir='ltr'>in·</span> 
     </span>
     <span class='ocr_line' id='line_1_57' title="bbox 1768 3693 2047 3743; baseline -0.004 -1"><span class='ocrx_word' id='word_1_355' title='bbox 1768 3693 2047 3743; x_wconf 86' lang='lat' dir='ltr'>ueniantur.</span> 
     </span>
    </p>

    <p class='ocr_par' dir='ltr' id='par_1_29' title="bbox 1768 3773 2931 4487">
     <span class='ocr_line' id='line_1_58' title="bbox 1841 3773 2929 3840; baseline 0.002 -16"><span class='ocrx_word' id='word_1_356' title='bbox 1841 3790 1914 3840; x_wconf 87' lang='lat'>19.</span> <span class='ocrx_word' id='word_1_357' title='bbox 1975 3782 2022 3824; x_wconf 83' lang='lat' dir='ltr'>ct</span> <span class='ocrx_word' id='word_1_358' title='bbox 2052 3774 2322 3836; x_wconf 62' lang='lat' dir='ltr'>credidis-tt]</span> <span class='ocrx_word' id='word_1_359' title='bbox 2388 3775 2468 3825; x_wconf 75' lang='grc' dir='ltr'>καὶ</span> <span class='ocrx_word' id='word_1_360' title='bbox 2501 3773 2788 3836; x_wconf 78' lang='grc' dir='ltr'>ἐπιστώθης.</span> <span class='ocrx_word' id='word_1_361' title='bbox 2858 3777 2929 3828; x_wconf 93' lang='lat' dir='ltr'>So</span> 
     </span>
     <span class='ocr_line' id='line_1_59' title="bbox 1773 3857 2929 3921; baseline 0.003 -15"><span class='ocrx_word' id='word_1_362' title='bbox 1773 3857 1883 3907; x_wconf 88' lang='lat' dir='ltr'>Hil.</span> <span class='ocrx_word' id='word_1_363' title='bbox 1935 3857 2010 3921; x_wconf 81' lang='lat' dir='ltr'>(in</span> <span class='ocrx_word' id='word_1_364' title='bbox 2051 3859 2134 3908; x_wconf 82' lang='lat' dir='ltr'>Ps.</span> <span class='ocrx_word' id='word_1_365' title='bbox 2187 3858 2322 3920; x_wconf 83' lang='lat'>118);</span> <span class='ocrx_word' id='word_1_366' title='bbox 2379 3859 2464 3908; x_wconf 85' lang='lat' dir='ltr'>the</span> <span class='ocrx_word' id='word_1_367' title='bbox 2511 3861 2662 3909; x_wconf 88' lang='lat' dir='ltr'>Latin</span> <span class='ocrx_word' id='word_1_368' title='bbox 2705 3861 2929 3910; x_wconf 84' lang='lat' dir='ltr'>versions</span> 
     </span>
     <span class='ocr_line' id='line_1_60' title="bbox 1768 3938 2928 4002; baseline 0.004 -16"><span class='ocrx_word' id='word_1_369' title='bbox 1768 3938 2025 4002; x_wconf 69' lang='lat' dir='ltr'>generally</span> <span class='ocrx_word' id='word_1_370' title='bbox 2053 3938 2230 3988; x_wconf 88' lang='lat' dir='ltr'>render</span> <span class='ocrx_word' id='word_1_371' title='bbox 2264 3944 2362 3989; x_wconf 85' lang='lat' dir='ltr'>“et</span> <span class='ocrx_word' id='word_1_372' title='bbox 2395 3939 2586 3990; x_wconf 83' lang='lat' dir='ltr'>credita</span> <span class='ocrx_word' id='word_1_373' title='bbox 2623 3950 2738 3991; x_wconf 87' lang='lat' dir='ltr'>sunt</span> <span class='ocrx_word' id='word_1_374' title='bbox 2779 3942 2928 4002; x_wconf 87' lang='lat' dir='ltr'>tibi,”</span> 
     </span>
     <span class='ocr_line' id='line_1_61' title="bbox 1768 4017 2928 4078; baseline 0.003 -10"><span class='ocrx_word' id='word_1_375' title='bbox 1768 4035 1826 4068; x_wconf 86' lang='lat' dir='ltr'>as</span> <span class='ocrx_word' id='word_1_376' title='bbox 1847 4019 1892 4068; x_wconf 83' lang='lat' dir='ltr'>is</span> <span class='ocrx_word' id='word_1_377' title='bbox 1917 4017 2188 4078; x_wconf 78' lang='grc' dir='ltr'>ἐπιστώθης</span> <span class='ocrx_word' id='word_1_378' title='bbox 2210 4036 2339 4071; x_wconf 86' lang='lat' dir='ltr'>were</span> <span class='ocrx_word' id='word_1_379' title='bbox 2363 4024 2561 4071; x_wconf 84' lang='lat' dir='ltr'>written</span> <span class='ocrx_word' id='word_1_380' title='bbox 2595 4022 2674 4072; x_wconf 80' lang='lat' dir='ltr'>for</span> <span class='ocrx_word' id='word_1_381' title='bbox 2705 4025 2928 4072; x_wconf 73' lang='grc' dir='ltr'>ἐπιστεύ-</span> 
     </span>
     <span class='ocr_line' id='line_1_62' title="bbox 1771 4099 2926 4168; baseline 0.003 -18"><span class='ocrx_word' id='word_1_382' title='bbox 1771 4103 1856 4161; x_wconf 71' lang='lat' dir='ltr'>om</span> <span class='ocrx_word' id='word_1_383' title='bbox 1879 4099 1958 4165; x_wconf 85' lang='lat' dir='ltr'>(cs.</span> <span class='ocrx_word' id='word_1_384' title='bbox 1987 4101 2100 4152; x_wconf 85' lang='lat' dir='ltr'>Gal.</span> <span class='ocrx_word' id='word_1_385' title='bbox 2124 4101 2174 4150; x_wconf 85' lang='lat' dir='ltr'>ii.</span> <span class='ocrx_word' id='word_1_386' title='bbox 2199 4113 2242 4164; x_wconf 87' lang='lat'>7,</span> <span class='ocrx_word' id='word_1_387' title='bbox 2273 4117 2293 4150; x_wconf 88' lang='lat'>1</span> <span class='ocrx_word' id='word_1_388' title='bbox 2322 4102 2496 4153; x_wconf 88' lang='lat' dir='ltr'>Thess.</span> <span class='ocrx_word' id='word_1_389' title='bbox 2527 4103 2576 4152; x_wconf 86' lang='lat' dir='ltr'>ii.</span> <span class='ocrx_word' id='word_1_390' title='bbox 2601 4117 2647 4166; x_wconf 86' lang='lat'>5,</span> <span class='ocrx_word' id='word_1_391' title='bbox 2671 4103 2772 4153; x_wconf 89' lang='lat' dir='ltr'>Tit.</span> <span class='ocrx_word' id='word_1_392' title='bbox 2799 4105 2832 4154; x_wconf 89' lang='lat' dir='ltr'>i.</span> <span class='ocrx_word' id='word_1_393' title='bbox 2857 4103 2926 4168; x_wconf 84' lang='grc'>3).</span> 
     </span>
     <span class='ocr_line' id='line_1_63' title="bbox 1771 4182 2926 4248; baseline 0.003 -17"><span class='ocrx_word' id='word_1_394' title='bbox 1771 4183 1873 4231; x_wconf 86' lang='lat' dir='ltr'>For</span> <span class='ocrx_word' id='word_1_395' title='bbox 1907 4182 1992 4232; x_wconf 85' lang='lat' dir='ltr'>the</span> <span class='ocrx_word' id='word_1_396' title='bbox 2015 4199 2157 4232; x_wconf 88' lang='lat' dir='ltr'>sense</span> <span class='ocrx_word' id='word_1_397' title='bbox 2177 4182 2245 4232; x_wconf 82' lang='lat' dir='ltr'>cf.</span> <span class='ocrx_word' id='word_1_398' title='bbox 2271 4183 2447 4248; x_wconf 87' lang='lat' dir='ltr'>Chrys.</span> <span class='ocrx_word' id='word_1_399' title='bbox 2476 4185 2760 4245; x_wconf 73' lang='grc' dir='ltr'>(τουτέστιν,</span> <span class='ocrx_word' id='word_1_400' title='bbox 2789 4185 2926 4234; x_wconf 75' lang='grc' dir='ltr'>ἐτισ-</span> 
     </span>
     <span class='ocr_line' id='line_1_64' title="bbox 1769 4261 2930 4326; baseline 0.001 -14"><span class='ocrx_word' id='word_1_401' title='bbox 1769 4261 1992 4326; x_wconf 71' lang='grc' dir='ltr'>τεῦσαςὶς</span> <span class='ocrx_word' id='word_1_402' title='bbox 2035 4280 2092 4314; x_wconf 85' lang='lat' dir='ltr'>or</span> <span class='ocrx_word' id='word_1_403' title='bbox 2136 4264 2314 4322; x_wconf 84' lang='lat' dir='ltr'>better,</span> <span class='ocrx_word' id='word_1_404' title='bbox 2350 4265 2532 4315; x_wconf 89' lang='lat' dir='ltr'>Thdt.:</span> <span class='ocrx_word' id='word_1_405' title='bbox 2578 4263 2669 4325; x_wconf 74' lang='grc' dir='ltr'>τὴν</span> <span class='ocrx_word' id='word_1_406' title='bbox 2698 4263 2930 4326; x_wconf 77' lang='grc' dir='ltr'>ἀλήθειαν</span> 
     </span>
     <span class='ocr_line' id='line_1_65' title="bbox 1769 4342 2931 4411; baseline 0.003 -17"><span class='ocrx_word' id='word_1_407' title='bbox 1769 4342 1833 4407; x_wconf 79' lang='grc' dir='ltr'>τῇ</span> <span class='ocrx_word' id='word_1_408' title='bbox 1886 4347 2029 4408; x_wconf 73' lang='grc' dir='ltr'>πείρᾳ</span> <span class='ocrx_word' id='word_1_409' title='bbox 2082 4345 2375 4408; x_wconf 76' lang='grc' dir='ltr'>μεμάθηκας·</span> <span class='ocrx_word' id='word_1_410' title='bbox 2443 4345 2588 4398; x_wconf 74' lang='grc' dir='ltr'>τοῦτο</span> <span class='ocrx_word' id='word_1_411' title='bbox 2643 4345 2742 4411; x_wconf 75' lang='grc' dir='ltr'>γὰρ</span> <span class='ocrx_word' id='word_1_412' title='bbox 2800 4350 2931 4398; x_wconf 69' lang='grc' dir='ltr'>εἶπεν</span> 
     </span>
     <span class='ocr_line' id='line_1_66' title="bbox 1770 4423 2104 4487; baseline 0 -12"><span class='ocrx_word' id='word_1_413' title='bbox 1770 4431 1781 4453; x_wconf 90' lang='lat'>‘</span> <span class='ocrx_word' id='word_1_414' title='bbox 1799 4423 2104 4487; x_wconf 58' lang='lat' dir='ltr'>&amp;werdone-⁹</span> 
     </span>
    </p>
   </div>
  </div>
 </body>
</html>
