3250 5025
318 404 370 469 Ι.
405 406 673 493 8—11.]
1194 422 1279 473 m
1328 423 1433 474 ΕΡ.
1476 422 1581 473 AD
1624 420 1892 473 TITUM.
2614 419 2730 481 241

447 602 523 657 ut
552 593 641 657 ab
669 594 853 659 omni
885 593 1159 661 lasciuia
1189 616 1335 661 sese
1366 594 1774 679 superiorem
1805 593 2159 658 contineat.

446 720 711 787 iustum.

445 842 565 912 est,
596 842 671 899 ut
702 834 1025 900 iustitiam
1057 836 1345 901 studeat.

444 988 757 1044 sanctum.

448 1114 525 1169 ut
553 1104 642 1169 ab
672 1107 856 1170 omni
888 1106 1068 1172 malo
1098 1127 1170 1171 se
1200 1106 1607 1191 superiorem
1640 1118 1947 1171 reseruet.
2817 1106 2849 1173 5

447 1258 881 1324 continentem.

446 1405 582 1467 quo
613 1406 747 1449 non
779 1387 1235 1471 uoluptatibus
1267 1388 1646 1453 delectetur.

444 1531 913 1612 amplectentem
944 1532 1025 1596 id
1043 1533 1221 1617 quod
1240 1533 1587 1598 secundum
1616 1531 1979 1596 doctrinam
2008 1542 2104 1596 est
2113 1531 2313 1615 fidele
2341 1529 2624 1595 uerbum.

446 1656 575 1721 hoc
620 1666 739 1735 est,
788 1663 805 1690 ‘
835 1658 1225 1743 diligentem
1271 1682 1431 1744 erga
1474 1661 1848 1725 doctrinam
1895 1657 2199 1743 pietatis!
2289 1666 2358 1721 et
2388 1658 2546 1741 quia
2577 1655 2739 1723 nihil

315 1762 629 1842 proderit,
658 1764 714 1825 si
746 1762 832 1827 sit
862 1764 1147 1845 diligens
1177 1784 1337 1847 erga
1366 1764 1765 1843 doctrInam,
1803 1762 1857 1825 si
1893 1782 2023 1825 non
2059 1762 2262 1825 etiam
2303 1770 2371 1824 et
2412 1759 2742 1844 possibili·
2778 1780 2856 1827 10

314 1870 527 1927 tatem
560 1865 765 1947 ipsius
797 1865 1139 1929 doctrinae
1170 1864 1365 1929 suerit
1394 1866 1736 1949 praeditus
1765 1890 1778 1929 :

449 2024 527 2077 ut
538 2026 765 2097 potens
790 2016 885 2080 sit
913 2016 1001 2100 [et
1024 2016 1391 2099 exhortare]
1431 2016 1501 2079 in
1546 2015 1842 2079 doctrina
1884 2035 2048 2076 sana
2091 2022 2155 2076 et
2191 2034 2293 2077 eos
2333 2012 2450 2095 qui
2490 2020 2742 2074 contra·
2839 2106 2845 2111 ι

316 2116 545 2182 dicunt
569 2138 859 2201 arguere.

445 2236 717 2319 oportet*
742 2246 968 2301 autem
999 2239 1235 2302 adesse
1266 2238 1327 2301 ei
1358 2238 1680 2303 uirtutem
1711 2248 1787 2301 ut
1817 2257 1952 2301 non
1988 2238 2206 2301 solum
2249 2237 2489 2300 docere
2528 2232 2744 2319 possit

314 2337 638 2420 pietatem
692 2340 855 2423 piQS,
910 2340 1028 2404 sed
1080 2350 1156 2405 ut
1202 2348 1271 2405 et
1330 2349 1572 2423 potens
1620 2341 1709 2406 sit
1757 2360 1872 2419 eos
1919 2361 2196 2424 arguere
2246 2342 2361 2426 qui
2409 2342 2740 2417 resistunt,
2779 2356 2848 2424 15

313 2442 711 2525 dogmatum
745 2441 957 2507 fultus·
979 2444 1276 2508 ueritate.
1366 2453 1435 2508 et
1458 2444 1779 2528 quoniam
1803 2444 2248 2508 necessarium
2278 2453 2382 2508 est
2412 2453 2486 2508 ut
2515 2454 2583 2507 et
2613 2443 2742 2507 hoe

311 2544 409 2609 illi
441 2546 635 2623 adsit,
668 2547 953 2612 adiecit:
1789 2539 1798 2549 '⁴

444 2695 603 2748 sunt
640 2684 816 2750 enim
860 2685 1059 2750 multi
1100 2684 1439 2750 insubiecti
1477 2685 1820 2768 uaniloqui
1858 2695 1923 2750 et
1959 2686 2326 2764 seductores,
2359 2685 2644 2749 maxime
2669 2685 2746 2748 lu·
2789 2728 2796 2736 -

315 2786 433 2870 qui
470 2808 551 2852 ex
588 2789 1063 2853 circumcisione
1103 2799 1261 2866 sant
1274 2812 1306 2865 ,·
1349 2809 1508 2872 quos
1546 2799 1788 2872 oportet
1825 2810 2116 2873 arguere,
2146 2789 2266 2873 qui
2304 2799 2473 2854 totas
2513 2789 2744 2854 domus

313 2891 713 2968 subuertunt,
740 2892 1023 2957 docentes
1048 2914 1213 2975 quae
1242 2913 1368 2956 non
1396 2903 1683 2975 oportent
1711 2894 1924 2976 turpis
1951 2892 2124 2956 lucri
2134 2893 2390 2976 gratia.
2771 2903 2858 2951 20

450 3018 667 3084 ‘multi
692 3017 967 3110 (inquit)
993 3029 1149 3084 sunt
1172 3019 1285 3103 qui
1312 3020 1775 3102 obtemperare
1799 3019 2098 3084 ueritatis
2120 3018 2462 3084 doctrinae
2483 3017 2742 3096 nolunt,

420 3177 441 3212 1
479 3161 545 3212 ab
568 3162 739 3212 omnia
758 3161 947 3212 lasciua
968 3163 1121 3225 [=ab
1144 3163 1377 3212 omnibus
1400 3161 1599 3213 lasciuis
1610 3161 1657 3224 Ρ]
1682 3161 1755 3212 C*
1777 3163 1844 3212 H
2084 3176 2114 3224 3
2147 3160 2201 3210 id
2226 3167 2302 3211 est
2329 3162 2372 3211 C
2393 3159 2540 3226 (corr)
2562 3179 2577 3212 t
2609 3177 2690 3211 om
2711 3178 2744 3211 r

318 3256 345 3306 5
380 3249 545 3292 seruet
572 3243 619 3292 C
777 3254 805 3306 7
839 3244 1079 3308 quoniam
1102 3245 1171 3294 H
1186 3243 1195 3308 Ι
1225 3260 1329 3294 non
1349 3260 1427 3293 om
1456 3244 1528 3295 C*
1552 3246 1620 3294 H
1632 3260 1665 3293 r
1689 3243 1698 3308 Ι
1725 3245 2070 3294 uoluntatibus
2090 3244 2159 3292 H
2165 3261 2198 3292 r
2369 3245 2400 3293 8
2431 3242 2744 3308 amplectens

322 3325 367 3374 C
393 3322 403 3388 Ι
428 3331 505 3374 est
524 3339 604 3373 om
626 3340 659 3373 r
681 3321 693 3387 Ι
722 3323 859 3373 fideli
882 3325 951 3373 H
1134 3341 1167 3392 9
1199 3341 1329 3390 quae
1353 3326 1471 3390 (fhr
1487 3326 1628 3391 quia)
1659 3324 1728 3375 C*
1752 3327 1817 3375 Η
1869 3326 2006 3391 quod
2032 3325 2078 3374 C
2097 3325 2247 3387 (corr)
2439 3339 2497 3374 10
2518 3325 2744 3390 prodesit

320 3403 465 3454 C‘H
500 3404 705 3469 prodest
722 3404 767 3453 C
778 3402 925 3468 (corr)
976 3404 1135 3470 prosit
1148 3423 1178 3454 r
1207 3405 1216 3470 Ι
1242 3407 1576 3471 possibilitate
1594 3423 1626 3454 r
1743 3420 1802 3456 η
1837 3413 1888 3456 et
1909 3405 2172 3455 exhortare
2187 3421 2266 3455 om
2287 3405 2332 3455 C
2344 3406 2428 3454 H:
2450 3405 2698 3454 consolari
2713 3421 2745 3454 r

320 3501 382 3547 14
414 3485 463 3536 ei
494 3502 573 3536 om
608 3484 679 3535 C*
712 3484 721 3550 Ι
748 3487 922 3552 cupios
954 3487 1019 3536 sit
1050 3487 1291 3553 pietatem
1322 3488 1434 3552 pios
1466 3493 1542 3538 est
1575 3485 1693 3552 (fhr
1711 3486 1870 3552 possit
1903 3486 2018 3547 διο.)
2046 3485 2116 3536 C·
2141 3487 2208 3536 H
2263 3486 2493 3552 copiosus
2517 3487 2584 3537 sit
2616 3486 2737 3552 piet.

326 3568 440 3633 pios
481 3567 527 3618 C
559 3565 705 3631 (corr)
772 3568 978 3634 copiose
1014 3572 1172 3634 possit
1207 3571 1329 3635 piet.
1354 3570 1467 3635 pios
1490 3587 1521 3618 r
1749 3567 1812 3618 16
1843 3568 2169 3633 dog-magtum
2193 3566 2294 3634 (sic)
2323 3569 2368 3618 C
2391 3567 2400 3634 Ι
2429 3569 2740 3634 εῐζφιοῃὶαιη

322 3650 543 3717 ...gratia
563 3652 621 3714 [l.
648 3650 734 3714 ⁴20]
755 3666 832 3700 om
857 3666 890 3700 r
1042 3667 1102 3719 19
1134 3667 1283 3717 agere
1311 3650 1381 3700 C'
1401 3652 1469 3700 H
1486 3649 1495 3716 Ι
1524 3649 1704 3699 domos
1725 3651 1794 3700 H
1936 3665 2002 3699 20
2035 3656 2235 3714 oportet
2263 3651 2308 3700 C
2326 3647 2475 3714 (corr)

382 3763 433 3814 8.
463 3763 617 3828 fidele
638 3763 868 3826 uerbum]
901 3763 1078 3831 vulg„
1103 3767 1141 3792 “
1158 3766 1359 3816 fidelem
1380 3782 1479 3817 ser·
1578 3765 1638 3813 τὸ
1664 3765 1848 3827 ψεῦδος.

316 3840 572 3892 monem.”
1651 3844 1728 3892 18.
1785 3842 2076 3904 itu-abiecti]
2141 3842 2207 3892 Ο.
2233 3843 2294 3893 L.
2327 3843 2480 3892 “non
2501 3841 2742 3901 subditi‚”

390 3939 467 3974 ια.
540 3931 588 3974 et
638 3923 915 3986 exhomre]
978 3925 1077 3976 See
1118 3941 1205 3975 vv.
1245 3925 1299 3974 11.
1367 3926 1479 3976 The
1586 3926 1742 3975 “non
1773 3924 1986 3974 subiecti
2004 3921 2062 3984 ;”
2097 3923 2268 3990 vulg„
2300 3923 2742 3975 “inobedientem”

315 4003 557 4055 omission
578 4019 683 4054 was
704 4004 957 4070 probably
975 4005 1275 4056 occidental.
1580 4005 1664 4055 cf.
1702 4013 1876 4070 supra,
1921 4022 1968 4056 v.
2010 4004 2059 4057 6.
2137 4007 2230 4055 Ex
2261 4005 2646 4063 circumcisione,
2681 4021 2740 4056 so

390 4105 466 4151 14.
516 4104 619 4138 non
655 4089 833 4148 solum,
856 4089 976 4152 &c.]
1023 4089 1123 4140 See
1153 4105 1233 4141 vv.
1256 4089 1315 4140 11.
1370 4090 1483 4140 The
1584 4089 1652 4139 Ο.
1672 4090 1756 4149 L.;
1789 4089 1962 4154 Vulg„
1997 4088 2113 4138 “de
2143 4085 2298 4138 circ.”
2361 4088 2590 4152 Arguat
2617 4088 2740 4150 (ἐτι-

314 4169 585 4221 translator
604 4169 825 4235 perhaps
846 4176 1003 4221 wrote
1025 4188 1040 4221 ε
1070 4171 1235 4222 docere
1247 4173 1483 4236 pietatem
1582 4171 1865 4235 στομίζιειν),
1895 4169 1961 4220 Ο.
1977 4170 2038 4220 L.
2065 4169 2168 4219 and
2189 4169 2358 4234 Vulg„
2388 4171 2426 4196 ‘⁴
2440 4169 2669 4234 redargui
2685 4168 2742 4228 ;’'

305 4251 439 4316 pios.
506 4252 609 4302 For
642 4251 729 4302 the
772 4267 957 4302 comm.
996 4253 1061 4304 cf.
1107 4253 1287 4304 Thdt.=
1318 4250 1345 4302 ὅ
1383 4251 1483 4318 γὰρ
1584 4251 1752 4311 Hier„
1782 4255 1815 4280 “
1831 4247 2180 4316 redarguere,'’
2201 4251 2292 4300 but
2312 4250 2422 4300 also
2445 4250 2740 4301 “silentium

316 4331 475 4379 ταῦτα
510 4327 596 4392 [τὰ
628 4331 737 4380 θεῖα
768 4331 939 4394 λόγια]
972 4327 1141 4393 σαφῶς
1166 4329 1484 4392 ἐπιστάμενος
1582 4333 1859 4398 imponere,
1906 4331 2119 4383 indici.”
2207 4333 2362 4382 Totas
2371 4351 2393 4391 ,-
2438 4331 2504 4383 Ο.
2530 4333 2594 4382 L.
2639 4335 2740 4384 and

318 4413 521 4462 καὶτοῖς
543 4409 853 4464 πιστεύουσιν
866 4411 955 4474 τὴν
969 4411 1256 4478 ὀνησιφόρον
1268 4414 1481 4478 προσφέ-
1582 4414 1758 4481 vulg„
1802 4416 1840 4441 ‘⁸
1854 4417 2112 4466 uniuersas
2126 4413 2158 4440 ’⁹
2201 4414 2286 4478 (cf.
2331 4415 2492 4480 infra,
2541 4431 2592 4480 p.
2628 4431 2741 4479 ⁴²4²»

318 4511 391 4555 ρει
406 4495 740 4556 διδασκαλίαν,
759 4495 837 4545 καὶ
860 4495 959 4544 τῶν
981 4493 1213 4546 ἐναντίων
1234 4496 1479 4556 διελέγχει
1582 4498 1617 4546 l.
1645 4497 1714 4558 7).
1782 4497 1888 4546 For
1907 4497 2321 4546 domuszdomos
2343 4513 2426 4546 see
2446 4495 2577 4547 Iexx.

492 4608 545 4659 S.
608 4609 685 4661 11.
2493 4598 2570 4660 16
