3250 5025
490 367 617 432 314
1464 365 1846 416 APPENDIX
1894 365 1957 412 A.

484 534 711 612 Μαρίας
742 534 1094 616 γεγέννηται,
1122 534 1457 615 γεγέννηται
1492 533 1553 592 δὲ
1592 537 1656 592 ἐκ
1752 544 1928 593 natus
1987 543 2091 594 est.
2188 544 2363 592 natus
2421 541 2622 592 autem
2687 541 2778 590 est
2843 547 2918 588 ex

486 632 713 708 Μαρίας
738 631 771 693 ὅ
800 638 861 694 ἐκ
882 633 1211 712 σπέρματος
1238 631 1454 708 Δαβίδ·
1487 634 1593 712 οὔχ
1621 631 1655 691 ὁ
1755 628 1950 689 Maria
1997 627 2100 705 qui
2147 647 2220 690 ex
2269 626 2498 688 semine
2553 636 2644 686 est
2695 625 2914 684 Dauid.

488 731 615 795 θεὰς
632 733 809 814 λόγος
825 737 887 792 ἐκ
907 731 1172 814 γυναικὸς
1188 732 1537 813 γεγέννηται·
1566 755 1653 810 γε·
1753 747 1876 787 non
1950 729 2116 787 Deus
2180 726 2449 787 Verbum
2521 745 2598 786 ex
2671 723 2918 783 muliere

484 830 753 909 γέννηται
772 830 834 890 δὲ
863 837 925 891 ἐκ
940 829 1203 912 γυναικός
1221 827 1255 888 ὁ
1276 835 1349 908 τῇ·
1365 833 1465 889 τοῦ
1485 827 1654 911 οἷγίου
1751 835 1928 885 natus
1955 835 2062 896 est,
2085 825 2193 884 sed
2225 834 2400 884 natus
2430 842 2506 882 ex
2533 821 2782 882 muliere
2811 818 2916 896 qui

422 953 455 1012 5
486 931 802 1007 πνεύματος
829 930 1058 1008 δυνάμει
1086 929 1459 991 δια-πλασθεὶς
1482 933 1540 988 ἑν
1556 926 1652 986 αὖ·
1753 921 1970 982 uirtute
2033 920 2221 981 sancti
2283 920 2535 997 Spiritus
2593 921 2918 997 plasmatus

486 1027 581 1102 τῆ·
603 1026 702 1083 οὐκ
718 1029 781 1084 ἑκ
798 1023 1015 1104 μήτρας
1030 1021 1333 1085 τέτεκταιὸ
1352 1023 1655 1100 ὁμοούσιος
1755 1030 1844 1079 est
1872 1018 1934 1078 in
1965 1037 2051 1080 ea.
2123 1037 2248 1078 non
2283 1037 2357 1078 ex
2397 1029 2584 1077 matre
2622 1027 2798 1076 natus
2827 1025 2917 1075 est

486 1132 565 1209 τῷ
602 1130 791 1208 πατρί,
836 1123 1100 1208 αἰυιήτωρ
1142 1125 1255 1209 γὰρ
1298 1123 1462 1190 οὗτος
1509 1125 1654 1186 κατοὶ
1751 1123 2276 1185 consubstantialis
2332 1121 2512 1196 Patri,
2558 1125 2680 1181 sine
2735 1129 2924 1180 matre

490 1223 598 1302 ’ἢν
640 1229 742 1284 7οῧ
782 1225 1061 1302 μακαρίου
1103 1223 1345 1284 Παύλου
1388 1220 1650 1297 φωνῆνῦ,
1753 1231 1914 1292 enim
1975 1243 2067 1292 est
2130 1231 2464 1292 secundum
2525 1227 2687 1290 beati
2746 1226 2918 1288 Pauli

487 1322 646 1382 ἀλλὰ
691 1321 725 1382 ὅ
771 1325 832 1382 ἓν
880 1319 1143 1397 ὕστὲροις
1198 1323 1413 1398 καιροῖς
1465 1324 1527 1379 ἓν
1578 1325 1654 1398 τῇ
1753 1347 1986 1400 uocem,
2037 1328 2147 1388 sed
2207 1327 2310 1406 qui
2365 1324 2429 1387 in
2491 1323 2917 1405 posterioribus

386 1440 460 1478 10
487 1418 719 1498 μύνηῑκρςι
770 1418 981 1500 ’γαστρὶ
1024 1420 1096 1496 Τᾒ
1137 1423 1240 1477 τοΰ
1283 1415 1447 1497 ἁγίου
1490 1415 1653 1476 πνεῦ·
1753 1425 2124 1502 temporibus
2210 1424 2274 1484 in
2357 1436 2629 1485 materno
2710 1435 2920 1483 uentre

486 1543 664 1595 ματος
706 1516 934 1594 δυνάμει
981 1515 1370 1589 διαπλασθείς,
1416 1513 1518 1575 ἅτε
1560 1513 1654 1575 καὶ
1751 1521 1942 1581 sancti
1961 1521 2210 1598 Spiritus
2232 1521 2448 1581 uirtute
2465 1523 2789 1598 plasmatus
2807 1530 2914 1593 est,

488 1620 744 1703 ἀπάτωρ
788 1620 880 1683 διαὶ
920 1624 1087 1681 τοῦτο
1129 1618 1448 1701 λεγόμενος.
1751 1629 1959 1696 utpote
1987 1621 2108 1678 sine
2120 1627 2299 1696 patre
2320 1629 2638 1696 propterea
2666 1615 2878 1677 dictus.

763 1839 812 1880 2.
904 1816 1061 1900 [Act.
1099 1822 1289 1881 Conc.
1324 1822 1444 1882 CP.
1476 1819 1533 1879 ii.
1569 1837 1650 1879 ιν.
1687 1841 1718 1878 2
1752 1820 1820 1899 (“
1839 1831 1899 1881 et
1927 1831 2064 1898 post
2093 1819 2210 1880 alia
2225 1817 2301 1898 '’).
2388 1818 2517 1898 Vig.
2556 1815 2635 1899 2].

616 1953 773 2011 Mox
813 1961 1015 2013 autem
1041 1950 1106 2010 in
1135 1951 1269 2028 ipso
1296 1953 1593 2028 plasmato
1623 1954 1792 2012 Deus
1820 1952 2087 2012 Verbum
2115 1952 2308 2010 factus
2337 1961 2429 2011 est
2445 1971 2464 2023 5
2506 1969 2620 2010 nec
2661 1948 2822 2010 enim
2849 1947 2914 2008 in

490 2051 727 2110 caelum
754 2049 1106 2110 ascendenti
1134 2051 1329 2110 solum
1357 2048 1563 2122 inerat,
1596 2049 1705 2109 sed
1735 2048 1916 2109 etiam
1944 2069 2020 2109 ex
2047 2048 2294 2109 mortuis
2331 2048 2674 2127 resurgenti,
2702 2060 2915 2126 utpote

392 2167 459 2227 15
495 2158 553 2207 et
599 2147 956 2208 resuscitans
1003 2166 1143 2206 eum
1183 2147 1519 2206 secundum
1560 2165 1732 2206 suam
1774 2145 2247 2223 promissionem.
2319 2164 2435 2206 nec
2475 2145 2803 2222 resurgenti
2843 2165 2915 2205 ex

494 2241 741 2302 mortuis
782 2243 977 2302 solum
1018 2241 1225 2314 inerat,
1270 2242 1378 2302 sed
1420 2241 1601 2302 etiam
1635 2241 1919 2302 crucifixo
1957 2253 2017 2302 et
2059 2241 2363 2319 baptizato
2406 2253 2466 2303 et
2506 2242 2914 2319 euangelicam

492 2350 631 2414 post
658 2337 954 2416 baptisma
980 2338 1502 2398 conuersationem
1530 2336 1854 2414 peragenti,
1887 2356 2126 2398 necnon
2155 2336 2336 2397 etiam
2363 2348 2424 2398 et
2450 2347 2592 2396 ante
2619 2335 2916 2412 baptisma

491 2435 746 2514 legalem
774 2434 1127 2514 adimplenti
1164 2433 1674 2510 constitutionem,
1723 2445 1782 2494 et
1821 2444 2201 2512 praesentato
2245 2435 2575 2494 secundum
2615 2435 2824 2510 legem,
2855 2443 2916 2492 et

493 2534 863 2608 circumciSO‚
909 2544 969 2594 et
1017 2544 1220 2611 partus
1268 2533 1485 2611 pannis
1540 2533 1850 2593 obuoluto,
1945 2543 2070 2593 erat
2126 2544 2326 2593 autem
2363 2534 2515 2593 sorte
2563 2532 2624 2591 in
2673 2532 2805 2609 ipso
2855 2542 2916 2591 et

392 2654 466 2695 20
495 2644 797 2706 nascente,
827 2641 888 2692 et
921 2650 1057 2690 cum
1100 2630 1162 2689 in
1204 2640 1477 2690 materno
1517 2642 1688 2690 utero
1726 2641 1884 2691 esset
1925 2649 1962 2688 a
2003 2631 2199 2707 prima
2241 2629 2441 2690 statim
2483 2628 2878 2706 plasmatione
2898 2650 2917 2703 3

494 2726 932 2806 dispensationi
973 2725 1134 2786 enim
1188 2745 1345 2803 quae
1393 2725 1551 2785 circa
1606 2745 1746 2786 eum
1801 2736 1928 2785 erat
1982 2725 2254 2786 ordinem
2313 2724 2659 2801 inponebat,
2705 2734 2918 2801 utpote

496 2838 555 2887 et
582 2824 977 2905 particulatim
1006 2824 1205 2901 ipsum
1231 2824 1312 2884 ad
1340 2822 1774 2901 perfectionem
1801 2823 2154 2899 perducens.

769 3036 821 3091 3.
909 3011 1069 3095 [Act.
1104 3016 1292 3076 Conc.
1329 3017 1449 3077 CP.
1483 3014 1540 3076 ii.
1574 3034 1654 3075 ιν.
1689 3035 1724 3091 3
1748 3014 1890 3093 (“et
1918 3026 2060 3094 post
2085 3017 2204 3077 alia
2219 3016 2292 3097 '').
2378 3014 2508 3095 Vig.
2545 3012 2623 3097 3].

617 3148 697 3205 Et
736 3165 845 3223 per
886 3155 1125 3223 tempus
1166 3145 1411 3223 quidem
1452 3147 1533 3207 ad
1578 3144 1878 3223 baptisma
1921 3148 2168 3223 ducem,
2211 3160 2349 3226 post
2395 3146 2544 3210 illud
2589 3160 2792 3211 autem
2835 3150 2913 3211 ad

494 3254 785 3320 mortem;
833 3243 1053 3305 deinde
1094 3245 1423 3305 secundum
1464 3263 1634 3305 suam
1676 3245 2226 3322 pronuntiationem
2267 3247 2643 3322 resuscitans,
2687 3248 2915 3308 ducens

394 3364 465 3425 25
495 3343 559 3403 in
600 3345 851 3418 caelum,
890 3344 1213 3403 conlocans
1254 3362 1394 3403 eum
1430 3345 1509 3404 ad
1552 3345 1856 3405 dexteram
1898 3344 2016 3405 Dei
2055 3364 2162 3423 per
2199 3366 2366 3407 suam
2409 3344 2915 3420 coniunctionem,

496 3464 572 3505 ex
626 3463 748 3520 qua
802 3443 970 3503 sedet
1024 3452 1086 3502 et
1134 3443 1412 3502 adoratur
1458 3442 1536 3503 ab
1580 3442 1860 3504 omnibus
1908 3455 1971 3505 et
2019 3462 2230 3505 omnes
2275 3444 2578 3507 iudicabit.
2665 3446 2914 3507 istorum

495 3552 697 3603 autem
742 3541 1008 3602 omnium
1042 3541 1225 3601 finem
1268 3540 1430 3617 apud
1476 3560 1541 3601 se
1578 3542 1840 3604 habebat
1881 3545 2048 3603 Deus
2082 3546 2369 3616 Verbum,
2399 3564 2538 3605 cum
2576 3544 2640 3604 in
2677 3562 2753 3605 eo
2791 3554 2918 3605 erat

499 3652 557 3701 et
587 3639 791 3700 omnia
816 3658 923 3717 per
950 3638 1223 3699 ordinem
1253 3640 1597 3715 complebat
1606 3660 1625 3712 3
1668 3658 1850 3716 quem
1879 3639 2154 3700 ordinem
2180 3638 2310 3717 ipse
2338 3639 2733 3701 arbitrabatur
2759 3642 2917 3703 bene

498 3740 733 3813 habere,
778 3736 1191 3815 praefinitione
1232 3735 1479 3813 quidem
1524 3748 1584 3796 et
1624 3738 1937 3796 uoluntate
1982 3755 2163 3813 quam
2210 3748 2390 3797 antea
2433 3738 2636 3798 statuit
2675 3758 2784 3815 pro
2821 3739 2914 3799 his

393 3862 469 3918 30
498 3855 651 3913 quae
692 3843 979 3894 euentura
1012 3843 1191 3892 erant.
1280 3844 1338 3892 et
1384 3833 1546 3893 bona
1591 3835 1900 3895 uoluntate
1940 3853 2120 3910 quam
2157 3832 2314 3893 circa
2357 3854 2496 3895 eum
2539 3836 2800 3896 habebat
2837 3838 2914 3898 ab

498 3930 667 3993 initio
704 3928 972 3989 similiter
1004 3926 1195 3989 inerat
1234 3927 1308 4002 ei,
1360 3947 1467 4005 per
1509 3930 1782 3991 ordinem
1831 3942 2030 3990 autem
2077 3929 2189 3991 sibi
2237 3930 2526 4007 placitum
2569 3933 2649 3993 ad
2697 3934 2918 4010 perfec-

498 4030 725 4090 tionem
768 4027 1030 4089 ducebat
1072 4026 1287 4103 ipsum.

601 4190 622 4223 1
660 4178 735 4223 est
756 4180 925 4223 autem
960 4172 1011 4221 V
1222 4186 1279 4221 12
1315 4180 1521 4238 propter
1540 4172 1638 4223 hoc
1673 4173 1724 4222 V
1931 4188 1986 4237 15
2023 4188 2084 4223 ex
2107 4175 2316 4224 mortuis
2337 4190 2415 4223 om
2449 4174 2502 4223 V
2704 4188 2761 4238 17
2795 4190 2915 4225 con·

496 4254 777 4305 uersionem
813 4254 863 4303 V
880 4252 888 4319 Ι
918 4254 984 4305 de
1002 4253 1255 4319 baptismo
1277 4254 1394 4317 (for
1412 4261 1460 4305 et
1484 4263 1601 4303 ante
1624 4256 1696 4315 b.)
1733 4254 1784 4304 V
1995 4272 2054 4323 ¹9
2087 4257 2208 4308 fetui
2233 4258 2351 4322 (for
2369 4256 2559 4323 partus)
2593 4258 2644 4307 V
2853 4275 2908 4309 ἰι

497 4339 673 4401 utpote
693 4350 771 4384 om
805 4336 855 4385 V
1042 4349 1105 4401 ‘²9
1138 4351 1228 4400 per
1250 4334 1525 4386 finitionem
1563 4336 1613 4385 V
1631 4333 1640 4399 Ι
1670 4337 1980 4387 uoluntatem
2015 4338 2066 4387 V

1508 4449 1536 4474 ·
1574 4450 1711 4499 neb.
1737 4450 1820 4499 vii.
1849 4466 1894 4513 3.
