3250 5025
291 386 380 452 II.
416 404 472 469 3,
499 386 587 471 4.]
837 400 924 451 IN
971 400 1076 452 ΕΡ.
1120 399 1226 451 AD
1273 399 2022 453 THESSALONICENSES
2069 400 2143 453 11.
2636 396 2709 464 51

287 570 695 656 inoperante,
759 572 932 636 sicut
993 582 1063 637 et
1121 572 1190 635 in
1253 571 1442 636 illum
1491 570 1833 637 hominem
1895 572 2008 657 qui
2062 594 2184 658 pro
2224 582 2453 637 nostra
2501 570 2716 635 salute

286 689 597 763 sumptus
650 686 769 755 est,
820 676 1006 741 Deus
1056 676 1285 740 Verbo
1344 676 1572 751 omnia
1624 675 1981 759 perfecisse
2040 676 2319 742 uidetur.
2418 682 2711 758 temptat

289 784 469 847 enim
519 783 631 847 ille
679 802 798 866 per
845 781 1071 844 omnia
1125 780 1255 857 illa,
1306 800 1479 863 quae
1525 780 1775 845 Christi
1822 791 1995 859 sunt,
2044 781 2309 863 imitari,
2357 790 2592 865 utpote
2646 787 2714 843 et

291 886 632 952 Christum
664 907 736 950 se
771 905 919 950 esse
959 884 1203 948 dicens.
1299 885 1590 966 ‘peccati
1611 884 1626 909 ’
1674 906 1833 949 uero
1867 886 2241 951 ‘hominem
2268 885 2283 913 '
2316 906 2469 952 eum
2516 887 2711 963 dixit,

287 1008 370 1051 eo
400 987 581 1071 quod
627 995 978 1071 peccatum
1020 985 1441 1062 ministrabit,
1475 997 1544 1050 et
1585 987 1812 1052 multis
1852 988 2235 1054 hominibus
2275 988 2471 1054 huius
2512 1008 2713 1053 causa

289 1089 556 1153 existet.
649 1095 716 1151 et
772 1086 1051 1150 ‘filium'
1101 1107 1253 1150 eum
1311 1096 1326 1123 ‘
1350 1088 1783 1172 perditionis’
1836 1090 2015 1167 dicit,
2072 1101 2305 1174 utpote
2357 1090 2711 1175 perditioni

286 1190 712 1255 subdendum
745 1198 898 1274 post
929 1189 1076 1265 hoc,
1109 1190 1282 1283 sicut
1314 1200 1380 1255 et
1411 1193 1479 1254 in
1526 1174 2085 1275 subsequentibus
2129 1194 2501 1258 euidentius
2532 1192 2710 1256 dicit.

290 1300 489 1357 uocat
533 1303 758 1357 autem
806 1310 958 1356 eum
1007 1291 1526 1357 ‘aduersarium'
1576 1293 1865 1377 quidem,
1914 1297 2106 1379 quasi
2152 1295 2265 1379 qui
2310 1303 2379 1358 et
2429 1295 2713 1357 aduersa

288 1404 450 1475 agat
500 1393 767 1457 diuinae
819 1393 1151 1457 uoluntati
1205 1402 1274 1458 et
1321 1414 1558 1457 omnes
1609 1395 1697 1458 ad
1747 1415 1818 1460 se
1866 1397 2296 1462 transducere
2355 1396 2711 1461 adnitatur.

288 1493 1004 1577 ‘superextollentem'
1067 1517 1226 1559 uero
1289 1502 1394 1559 ‘se
1461 1517 1661 1579 super
1720 1519 1923 1563 omne
1992 1500 2172 1583 quod
2242 1500 2483 1564 dicitur
2548 1496 2711 1561 deus

289 1605 409 1660 aut
468 1598 648 1681 quod
707 1597 978 1676 colitur,’
1033 1620 1114 1662 eo
1175 1600 1357 1682 quod
1413 1621 1648 1665 omnes
1708 1600 2013 1668 homines
2062 1625 2104 1670 a
2155 1606 2424 1689 propria
2482 1623 2710 1667 eorum

2750 1518 2828 1567 10

289 1710 476 1765 secta
541 1702 884 1767 discedere
942 1703 1248 1780 suadens,
1309 1704 1434 1767 sibi
1496 1704 1695 1770 saciet
1752 1708 2047 1783 adorare,
2115 1711 2409 1793 seipsum
2484 1710 2757 1793 dicens*

293 1825 442 1868 esse
503 1804 860 1883 Christum,
923 1806 1028 1869 cui
1091 1815 1158 1870 et
1227 1808 1314 1871 ab
1383 1810 1699 1873 omnibus
1768 1810 2092 1877 honorem
2169 1814 2296 1878 Dei
2369 1815 2567 1879 tribui
2640 1825 2716 1881 ut

291 1908 539 1998 iustum
589 1909 976 1974 uindicabit.

394 2074 417 2108 1
453 2058 597 2108 sicuti
635 2056 702 2125 r}
732 2059 785 2109 in
824 2057 914 2108 illo
941 2058 1148 2109 homine
1189 2060 1233 2110 C
1267 2060 1418 2122 (corr)

288 2156 322 2199 4
354 2135 526 2188 dicens
547 2154 625 2187 om
648 2138 714 2188 H
1000 2154 1028 2203 5
1063 2138 1207 2189 multi
1237 2139 1380 2191 c'H

289 2217 476 2267 lentem
505 2220 550 2267 C
571 2216 580 2283 Ι
611 2235 664 2269 se
685 2235 764 2269 om
792 2218 863 2269 C*

295 2316 354 2365 13
387 2300 676 2353 hominibus
700 2300 814 2367 (for
833 2300 988 2365 omn.)
1011 2301 1080 2351 H

288 2444 550 2510 μονογενὴς
563 2448 653 2497 τοῦ
675 2449 784 2497 θεοῦ
801 2444 1450 2512 υἱὸς...ε’νανθρωπήσας...οὐ

290 2527 489 2593 nepae-»5⁹
530 2548 642 2580 τινα
677 2531 746 2593 τῇ
783 2532 1028 2594 ληφθείσῃ
1066 2532 1211 2592 φύσει
1250 2532 1452 2579 δέδωκεν

291 2609 650 2675 χάριν...οὕτως
692 2609 719 2661 ὁ
770 2610 1455 2676 διάβολος...τούτῳ...ὅλος

292 2693 464 2746 αὐτὸς
499 2695 828 2755 συναφθεὶς,
863 2697 1010 2746 κ.τ.λ.

357 2795 407 2840 4.
479 2776 736 2827 Christum
757 2775 1107 2838 semedtkens]
1163 2774 1290 2825 This
1312 2774 1451 2824 iden-

294 2855 536 2906 tification
559 2855 619 2905 of
632 2855 718 2905 the
741 2854 1048 2917 ἀντίχριστος
1077 2854 1200 2903 with
1224 2869 1255 2902 a
1284 2855 1450 2916 ψευδό-

293 2952 490 2998 χριστοι·
521 2936 597 2996 (S.
627 2937 776 2984 Matt.
799 2935 929 2984 xxiv.
961 2934 1046 2998 ²4)
1077 2935 1178 2983 had
1206 2935 1334 2983 been
1363 2949 1451 2982 an·

293 3017 532 3082 ticipated
555 3018 622 3081 by
646 3017 700 3068 S.
726 3017 878 3080 Cyril.
905 3015 1104 3066 Hieros.
1120 3016 1335 3076 (Catech.
1355 3026 1450 3063 xv.

299 3098 396 3164 rr).
469 3099 520 3148 It
567 3099 609 3148 is
644 3098 878 3162 repeated
921 3098 990 3162 by
1026 3097 1204 3148 Thdt.:
1239 3097 1454 3159 Χριστὸν

294 3183 464 3232 ἑαυτὸν
508 3183 587 3231 καὶ
633 3181 742 3230 θεὸν
788 3181 1044 3244 ὀνομάζων.
1131 3180 1210 3228 Cf.
1250 3179 1452 3243 Jerome

295 3265 349 3326 (Ι.
381 3265 476 3324 c.):
517 3262 830 3313 “ostendens
864 3279 918 3312 se
953 3271 1209 3327 tamquam
1244 3261 1352 3326 ipse
1386 3261 1451 3310 sit

294 3346 523 3396 Christus
545 3352 595 3395 et
619 3345 778 3394 Filius
800 3343 916 3394 Dei.
925 3341 955 3368 ''

361 3443 407 3494 5.
493 3445 546 3479 eo
609 3429 743 3494 quod
796 3435 1054 3493 peccatum
1123 3427 1449 3489 minessttrabit]

294 3512 499 3577 Chrys.=
543 3513 688 3574 μυρία
735 3513 835 3575 γὰρ
867 3513 1131 3576 ἐργάσεται
1170 3513 1249 3561 καὶ
1294 3529 1447 3576 παρα-

294 3594 520 3644 σκευάσει
544 3594 731 3656 ἑτέρους
743 3595 1052 3656 ἐργάσασθαι
1075 3595 1216 3643 δεινά.

356 3677 408 3727 6.
475 3683 634 3742 utpote
658 3677 935 3742 pet-didoni
972 3676 1298 3739 subdendum]
1376 3677 1448 3728 So

293 3761 469 3826 Chrys,
562 3762 720 3812 Thdt.
759 3763 986 3826 enlm-ges
1018 3776 1086 3810 on
1116 3759 1239 3809 this:
1276 3759 1336 3810 ὡς
1367 3761 1447 3809 καὶ

292 3845 437 3896 αὐτὸν
479 3845 818 3904 ἀπολλύμενον
859 3845 940 3894 καὶ
985 3843 1166 3905 ἑτέροις
1221 3840 1448 3902 πρόξενον

290 3929 466 3978 τούτου
485 3927 760 3989 γενόμενον.

361 4025 382 4058 1
395 4024 438 4059 1.
503 4025 556 4058 eo
575 4009 709 4074 quod
723 4024 890 4058 omnes
910 4007 1142 4068 homines,
1171 4007 1288 4070 &cz-1
1327 4009 1342 4034 ‘
1357 4008 1471 4059 All·

289 4092 469 4143 earlier
489 4092 838 4158 superstitious
859 4091 964 4140 and
993 4091 1210 4141 heresies
1243 4090 1347 4140 will
1380 4091 1444 4140 be

286 4173 578 4224 swallowed
621 4190 690 4238 up
734 4173 787 4223 in
841 4172 942 4222 this
997 4171 1118 4221 final
1175 4169 1444 4237 apostasy.'

287 4257 542 4322 Compare
561 4259 596 4305 ‘a
617 4253 932 4305 remarkable
949 4254 1195 4318 fragment
1215 4254 1442 4304 ascribed

285 4347 344 4392 to
369 4340 467 4390 Th.
495 4339 548 4388 in
571 4336 822 4388 Cramer’s
843 4345 1022 4388 eatena
1053 4338 1125 4387 ad
1141 4339 1190 4388 k.
1211 4337 1444 4402 l.(Cois1.

287 4439 402 4486 204,
441 4420 478 4471 f.
517 4422 654 4471 181a
687 4421 796 4483 [Cr.
831 4421 900 4470 vi.
930 4418 1141 4485 386—7,
1170 4420 1254 4470 Fr.
1289 4418 1448 4484 146-

289 4504 382 4570 7]),
415 4501 581 4554 which
606 4502 799 4569 though
821 4510 913 4553 not
939 4501 1194 4553 extracted
1217 4501 1346 4551 from
1368 4500 1446 4550 his

1089 1911 1186 1974 sic
1247 1912 1426 1976 enim
1489 1923 1557 1977 et
1606 1915 1715 1979 ‘in
1768 1916 1900 1981 Dei
1954 1919 2258 2003 templis,'
2308 1919 2436 1985 hoc
2484 1933 2602 2001 est,
2647 1933 2716 1990 et

1672 2059 1907 2113 somnia
1939 2081 2017 2115 om
2052 2083 2086 2116 r
2126 2065 2134 2131 Ι
2181 2066 2449 2132 temptabit
2489 2068 2533 2118 C
2569 2069 2717 2129 (corr)

1632 2155 1659 2207 7
1694 2146 2113 2210 consequentibus
2134 2147 2204 2196 H
2468 2164 2528 2199 ιο
2560 2149 2716 2199 extol·

1015 2234 1072 2269 ια
1107 2219 1203 2270 sibi
1223 2237 1304 2270 om
1332 2222 1378 2271 C
1397 2220 1544 2286 (corr)
1600 2238 1655 2273 se
1678 2224 1793 2288 (sor
1811 2226 1929 2289 sibi)
1950 2242 1983 2276 r
2003 2226 2085 2291 [cfi
2114 2227 2327 2286 Rhama,
2352 2228 2506 2286 Itala,
2520 2236 2577 2293 p.
2598 2227 2717 2293 439]

1271 2318 1330 2363 14
1363 2310 1414 2352 et
1438 2304 1546 2369 (bes
1554 2304 1606 2353 in
1631 2304 1789 2370 dom.)
1811 2322 1890 2356 om
1915 2324 1948 2356 r

1550 2464 1731 2499 comm.
1778 2465 1846 2500 on
1892 2450 1992 2501 this
2033 2450 2229 2517 Epistle
2263 2452 2321 2514 is,
2363 2452 2388 2501 1
2425 2450 2633 2513 believe,
2683 2469 2715 2503 a

1550 2530 1768 2594 genuine
1810 2530 2057 2596 fragment
2101 2532 2160 2581 of
2207 2548 2304 2582 one
2349 2531 2408 2582 of
2443 2532 2523 2582 his
2565 2534 2712 2584 other

1553 2610 1743 2662 works:
1774 2613 1864 2660 διὰ’
1874 2614 2047 2662 τούτου
2064 2613 2295 2662 δείκνυσιν
2316 2610 2391 2661 ὅτι
2414 2617 2501 2674 τὴν
2520 2613 2710 2662 εἰδωλο-

1552 2697 1782 2757 >tamtan
1808 2695 1866 2756 ἢν
1895 2693 1921 2744 ὀ
1954 2695 2179 2758 διάβολος
2211 2697 2543 2756 συνεστήσατο
2572 2699 2713 2747 αὐτὸς

1551 2778 1709 2826 ἐλθὼν
1736 2777 2013 2840 ἀνατρέπει,
2042 2778 2123 2826 καὶ
2144 2778 2310 2827 πᾶσαν
2335 2777 2519 2838 αἰρεσιν
2538 2776 2599 2837 ἣν
2626 2777 2708 2826 ἆν-

1550 2857 1751 2917 τέθηκεν
1770 2856 1841 2919 τῷ
1861 2857 1999 2919 λόγῳ
2019 2859 2106 2918 τῆς
2136 2855 2365 2916 ἀληθείας
2391 2858 2534 2907 αὐτὸς
2554 2859 2710 2906 ἐλθὼν

1551 2935 2037 2999 παραλύει...ταὺτας
2060 2938 2161 3000 ’γὰρ
2188 2938 2275 2988 τὰς
2298 2939 2488 2987 πλάνας
2516 2939 2605 2989 τὰς
2633 2937 2711 3000 [ἅς

1550 3020 1690 3081 cod.]
1734 3020 1860 3068 κατὰ
1892 3020 2034 3082 μέρος
2074 3015 2553 3084 συνεστήσατο...ζνα
2592 3021 2709 3069 ὅταν

1547 3104 1675 3162 μετὰ
1716 3104 1873 3150 ταῦτα
1926 3103 2048 3163 ἔλθῃ
2131 3103 2335 3164 εὐχερῶς
2388 3099 2545 3162 έαυτῷ
2598 3103 2710 3164 δόξῃ

1551 3185 1816 3246 κατορθοῦν
1850 3184 1907 3231 τὸ
1939 3180 2337 3247 σπουδαζόμενον,
2365 3183 2619 3232 τουτέστιν
2649 3185 2709 3233 τὸ

1551 3261 1942 3327 προσκυνηθῆναι
1961 3266 2109 3313 αὐτὸν
2142 3262 2275 3328 παρὰ
2300 3266 2499 3314 πάντων
2524 3262 2705 3328 ἀνθρώ-

1550 3364 1671 3395 πων.
1740 3347 1801 3396 ὡς
1836 3348 1936 3409 γὰρ
1970 3347 2213 3407 ὕποσκευὴ
2249 3348 2433 3411 ἁψῖδος,
2473 3345 2624 3398 οὕτως
2656 3349 2707 3396 αἱ
2762 3389 2775 3402 ,

1551 3429 1759 3490 αἱρέσεις
1780 3429 1837 3477 αῖ
1866 3445 1923 3476 τε
1966 3426 2085 3490 παρ’
2098 3426 2344 3488 ’Ἕλλησιν
2376 3429 2459 3478 καὶ
2493 3431 2544 3476 αἱ
2572 3431 2708 3491 παρὰ,

1548 3513 1650 3561 τοῖς
1672 3510 1981 3572 xpm-navo&
2006 3510 2077 3571 τῷ
2117 3510 2425 3572 διαβόλῳ...ἦ
2463 3510 2707 3570 ὑποσκευῆ

1549 3593 1751 3654 αἴρεται,
1778 3591 1910 3651 μένει
1932 3592 1985 3640 δὲ
2012 3586 2138 3650 μὸνη
2170 3589 2203 3650 ἠ
2233 3589 2349 3653 ἁψὶς
2377 3589 2705 3653 στερρά-4118

1550 3673 1667 3736 ἁψίς
1690 3673 1843 3737 being
1876 3672 1962 3722 the
1985 3670 2202 3736 worship
2228 3671 2288 3721 of
2316 3673 2476 3722 Satan
2502 3673 2711 3725 himself

1548 3757 1709 3806 under
1730 3755 1816 3806 the
1838 3755 1966 3805 form
1988 3754 2048 3804 of
2064 3753 2358 3805 Antichrist.

1619 3853 1696 3902 ¹3·
1760 3838 1909 3888 cuiet
1932 3837 2261 3900 abomm‘bus]
2295 3837 2375 3889 Cf.
2414 3849 2451 3889 1.
2496 3853 2585 3904 pp.
2622 3841 2702 3900 58,

1547 3920 1580 3973 1.
1617 3936 1693 3985 13,
1720 3926 1869 3980 note;
1904 3934 2017 3978 ου,
2043 3919 2077 3968 1.
2102 3932 2185 3982 25,
2203 3926 2339 3970 note.

1618 4019 1695 4067 ¹4·
1760 4001 1819 4052 in
1861 4000 1965 4050 Dea·
1998 3999 2206 4064 templis]
2256 4001 2369 4051 The
2422 4001 2620 4066 change
2650 4001 2712 4052 of

1546 4085 1759 4134 number
1782 4083 1866 4144 (cf.
1895 4088 2065 4145 supra,
2090 4097 2139 4146 p.
2173 4095 2250 4144 50,
2279 4081 2316 4131 1.
2338 4082 2388 4144 α)
2415 4083 2459 4133 is
2486 4083 2703 4148 perhaps

1545 4168 1645 4218 due
1681 4174 1736 4216 to
1770 4165 1868 4215 Th.
1906 4163 2123 4222 himself,
2156 4165 2273 4215 who
2310 4165 2353 4215 is
2390 4173 2480 4216 not
2516 4167 2703 4232 always

1545 4257 1689 4299 exact
1712 4248 1765 4298 in
1786 4247 1866 4298 his
1886 4247 2173 4315 quotations
2195 4248 2255 4298 of
2268 4247 2355 4299 the
2375 4255 2499 4300 text.

1612 4333 1725 4383 The
1772 4333 2111 4385 Antiochenes
2156 4332 2316 4383 either
2368 4331 2611 4383 modified
2643 4348 2702 4383 or

1545 4414 1763 4479 rejected
1808 4414 1893 4465 the
1928 4415 2070 4466 older
2114 4415 2491 4480 interpretation
2538 4415 2701 4465 which
2780 4421 2787 4428 '

1547 4497 1734 4548 looked
1778 4497 1856 4548 for
1890 4498 1975 4550 the
2015 4498 2205 4548 session
2239 4497 2299 4546 of
2326 4497 2605 4548 Antichrist
2649 4499 2701 4547 in

2354 4609 2524 4672 4--2
