3250 5025
2625 381 2737 429 111

329 367 459 432 111.
491 367 579 452 6.]
1046 381 1130 432 IN
1179 381 1287 433 ΞΡ.
1333 381 1439 434 AD
1483 382 1951 438 TIMOTHEUM
2000 383 2044 436 1.

326 559 452 616 tem
497 553 568 616 in
610 551 1070 632 subiectionem,
1105 575 1238 618 non
1286 555 1371 619 de
1409 554 1683 619 arbitrio
1722 553 2009 621 filiorum
2054 556 2217 622 dicit
2257 554 2376 620 sed
2423 555 2507 618 de
2538 554 2746 638 patris

323 654 790 732 sollicitudine,
830 657 925 721 ita
968 665 1044 721 ut
1075 658 1218 740 ipse
1258 656 1590 722 adceleret
1636 678 1751 720 eos
1796 658 2041 740 pudice
2075 659 2431 748 instituere
2477 667 2547 722 et
2590 656 2746 721 sub-

325 758 503 822 ditos
534 747 650 823 eos
680 759 944 838 habere,
975 763 1519 844 obtemperantes
1549 760 1677 824 sibi
1708 761 1776 824 in
1809 761 2049 844 quibus
2082 762 2167 826 de
2191 760 2745 826 conuenientibus

324 860 444 925 dat
489 862 618 926 illis
663 865 1030 930 consilium.
1121 867 1177 929 si
1226 877 1451 932 autem
1497 871 1708 952 patris
1752 869 1871 933 tali
1918 868 2255 932 existente
2299 865 2590 942 arbitri0,
2623 864 2743 928 filii

326 963 394 1026 in
426 964 718 1030 deterius
762 970 1114 1051 persistere
1158 970 1488 1037 noluerint
1525 974 1777 1038 arbitrii
1818 974 1919 1037 sui
1965 973 2315 1056 prauitate,
2360 989 2495 1034 non
2533 969 2743 1052 patris
2817 980 2849 1049 5

323 1065 522 1151 culpa
552 1077 671 1133 est.
751 1091 830 1134 eo
862 1072 1043 1154 quod
1076 1072 1162 1137 ad
1193 1094 1508 1156 praesens
1539 1074 1624 1138 de
1657 1076 1797 1139 eius
1828 1075 2173 1158 proposito
2212 1072 2504 1157 loquitur
2534 1072 2629 1136 ita
2668 1079 2745 1135 ut

321 1187 481 1252 erga
511 1192 667 1236 suos
699 1172 1214 1240 sollicitudinem
1248 1178 1595 1259 expendat
1625 1185 1701 1242 ut
1730 1199 1883 1242 cum
1931 1177 2261 1242 modestia
2292 1184 2361 1240 et
2390 1174 2745 1258 disciplina

321 1283 391 1338 et
421 1279 753 1359 grauitate
793 1281 1223 1347 instituentur
1242 1305 1260 1362 3
1302 1305 1392 1347 ex
1431 1281 1560 1347 hoc
1591 1285 1855 1348 ostendi
1886 1291 2111 1366 potest
2143 1282 2460 1366 quoniam
2502 1277 2741 1343 eodem

323 1379 528 1442 modo
570 1388 638 1444 et
673 1383 760 1446 de
803 1385 1114 1450 omnibus
1156 1385 1281 1449 erit
1324 1385 1661 1451 sollicitus.
1752 1408 1908 1451 nam
1952 1395 2020 1451 et
2060 1386 2178 1450 filii
2219 1385 2550 1452 Samuelis
2595 1403 2743 1466 per-

321 1482 702 1563 spiciuntur,
748 1487 930 1570 quod
974 1508 1203 1552 amore
1246 1489 1569 1571 pecuniae
1616 1491 1942 1554 iustitiam
1984 1489 2443 1572 prodiderint;
2492 1495 2561 1552 et
2606 1503 2740 1549 non
2778 1499 2856 1548 10

320 1586 552 1670 utique
585 1587 970 1654 Samuelem
1002 1590 1381 1656 incusamus
1413 1591 1502 1656 ob
1533 1612 1762 1657 eorum
1795 1590 1932 1657 tale
1960 1592 2399 1675 propositum.

453 1778 582 1822 non
619 1757 1012 1843 neophytum,
1044 1768 1121 1823 ut
1149 1779 1233 1824 ne
1265 1758 1338 1824 in
1364 1757 1731 1843 superbiam
1758 1759 1969 1824 elatus
2020 1759 2093 1825 in
2134 1758 2449 1825 iudicium
2496 1758 2748 1824 incidat

321 1859 580 1926 diaboli.

451 1988 650 2054 ualde
697 1989 882 2056 fatue
928 1991 1204 2074 quidam
1251 1991 1380 2057 hoc
1433 1992 1502 2057 in
1551 1991 1705 2057 loco
1752 1992 2313 2059 existimauerunt
2364 1991 2741 2076 neophytum

321 2091 542 2158 dicere
572 2096 951 2178 apostolum
985 2097 1170 2162 illum
1205 2099 1317 2181 qui
1350 2097 1717 2163 seeundum
1746 2107 2039 2163 aetatem
2072 2107 2173 2162 est
2205 2097 2480 2162 iuuenis,
2570 2115 2740 2179 quos
2774 2111 2847 2178 15

318 2198 764 2263 conueniebat
797 2201 1000 2264 etiam
1048 2201 1172 2264 etsi
1214 2199 1378 2264 nihil
1423 2201 1604 2265 aliud
1650 2201 1889 2266 saltem
1937 2199 2101 2264 illud
2148 2200 2536 2282 perspicere,
2577 2218 2740 2281 quo-

320 2299 500 2363 niam
535 2301 678 2384 ipse
708 2301 1104 2366 Timotheus
1136 2303 1241 2366 cui
1293 2302 1461 2366 haec
1503 2302 1840 2367 scribebat
1886 2322 2021 2366 non
2052 2303 2256 2366 modo
2288 2301 2544 2364 iuuenis
2576 2308 2736 2374 erat,

317 2423 550 2467 uerum
619 2405 822 2468 etiam
885 2413 954 2468 et
1014 2405 1293 2470 nimium
1355 2405 1632 2483 iuueniS,
1694 2405 1791 2468 ita
1850 2413 1926 2468 ut
1975 2425 2096 2486 per
2153 2403 2284 2468 hoc
2351 2402 2736 2486 contempni

317 2532 518 2595 posse
547 2512 923 2591 uideretur;
967 2513 1232 2595 scripsit
1263 2533 1422 2596 ergo
1451 2512 1512 2577 ei
1539 2536 1554 2577 ε
1596 2532 1778 2577 nemo
1802 2510 2194 2576 iuuentutem
2220 2521 2403 2575 tuam
2430 2518 2738 2594 contemp-

314 2626 446 2680 nat.
538 2636 698 2681 nam
759 2624 827 2680 et
874 2615 1017 2699 ipse
1075 2617 1334 2682 iuuenis
1393 2636 1545 2681 cum
1609 2624 1786 2681 esset
1846 2617 1913 2680 in
1973 2616 2426 2700 apostolatum
2487 2614 2736 2679 electus
2765 2634 2851 2684 20

317 2728 417 2782 est
470 2720 644 2783 sicut
688 2720 756 2783 in
802 2719 1094 2784 Actibus
1139 2720 1595 2805 apostolorum
1640 2722 1860 2801 Lucas
1906 2722 2216 2786 insinuat.
2306 2720 2427 2785 sed
2475 2718 2737 2803 neophy-

317 2829 458 2885 tum
517 2822 695 2885 dixit
753 2830 871 2887 aut
930 2822 1119 2887 illum
1180 2823 1295 2907 qui
1341 2843 1552 2906 nuper
1602 2823 1903 2903 credidit,
1954 2832 2073 2889 aut
2125 2823 2313 2888 illum
2362 2822 2478 2906 qui
2526 2842 2738 2905 nuper

416 3015 437 3051 1
475 3000 782 3052 subiectione
804 3016 840 3050 r
2490 3016 2511 3054 1
2524 3016 2544 3051 1
2581 2999 2737 3053 talem

321 3082 476 3135 θ’θ’

1017 3016 1044 3052 2
1080 3002 1261 3067 pudice
1282 3018 1369 3053 eos
1389 3003 1434 3053 C
1450 3019 1483 3053 r
1696 3018 1757 3054 10
1788 3004 2096 3071 perdiderint
2117 3004 2231 3053 iust.
2260 3018 2294 3052 r

602 3098 658 3134 ια
693 3082 937 3133 neofitum
965 3082 1010 3133 C
1018 3083 1087 3134 H
1213 3082 1274 3135 16
1305 3084 1472 3135 saltim
1500 3085 1545 3135 C
1567 3082 1577 3151 Ι
1606 3087 1920 3151 praespicere
1947 3086 1994 3136 C
2042 3084 2327 3151 prospicere
2348 3100 2382 3133 r

1573 3238 1815 3305 ἀπείργει.
1881 3242 2017 3293 That
2046 3257 2112 3291 an
2142 3241 2373 3306 opposite
2404 3239 2533 3290 view
2554 3238 2733 3289 should

1573 3322 1703 3373 have
1730 3324 1860 3373 been
1886 3324 2193 3373 maintained
2230 3324 2273 3373 is
2306 3328 2521 3386 strange,
2556 3320 2609 3371 in
2648 3320 2735 3371 the

1575 3404 1682 3455 face
1706 3404 1765 3455 of
1778 3405 1865 3455 the
1890 3405 1990 3455 and
2012 3418 2173 3455 canon
2196 3402 2257 3453 of
2278 3403 2735 3464 Nicaea-(xphvov

384 3258 428 3292 1.
511 3256 612 3291 non
676 3240 735 3290 de
789 3239 1002 3297 arbitrio
1046 3240 1304 3304 filiorum,
1358 3240 1473 3303 &c.]

310 3326 464 3376 Thdt.
484 3338 497 3372 τ
533 3326 587 3374 οὐ
607 3324 706 3385 ’γὰρ
727 3324 818 3383 τὴν
838 3324 1024 3373 ἐκείνων
1053 3320 1330 3372 ἐπαιτεῖται
1350 3324 1472 3385 γνώ-

308 3424 420 3469 μην,
445 3403 575 3455 ἀλλὰ
597 3406 686 3463 τὴν
707 3406 884 3453 οἰκείαν
906 3404 1124 3467 εἰσφέρει
1147 3405 1439 3467 προαίρεσιν.

383 3500 456 3536 no.
522 3484 776 3535 iustitiam
797 3483 1140 3549 prodiderinl]
1166 3498 1186 3531 1
1215 3484 1343 3549 Reg-
1365 3485 1472 3535 viii.

309 3585 356 3634 3,
401 3568 678 3630 ἐλάμβανον
712 3567 840 3627 δῶρα
883 3567 965 3615 καὶ
1007 3566 1250 3626 ἐξέκλινον
1287 3567 1472 3617 δικαιώ-

305 3668 442 3713 ματα
475 3650 668 3713 (Vulg.,
709 3652 1098 3713 “peruerterunt
1129 3648 1451 3711 iustitiam”).

380 3748 457 3781 ια.
525 3736 586 3779 ut
627 3729 706 3791 ne]
749 3730 828 3778 ἶνα
870 3726 954 3789 μή.
1031 3730 1185 3780 Latin
1226 3730 1467 3791 versionS,

309 3814 470 3866 “ne-'²

379 3914 454 3961 14·
521 3895 667 3946 ualde
704 3896 856 3961 fatue
906 3895 1132 3961 quidam,
1178 3896 1294 3959 &tt-1
1359 3894 1472 3947 The

303 3974 686 4045 interpretation
714 3977 883 4029 which
914 3979 1016 4029 Th.
1047 3979 1281 4030 ridicules
1305 3978 1348 4029 is
1381 3994 1471 4028 no·

306 4060 441 4111 tieed
478 4060 588 4109 also
619 4060 689 4125 by
725 4060 906 4124 Chrys.
946 4059 1038 4121 (ad
1063 4060 1116 4109 h.
1151 4060 1217 4111 L:
1263 4061 1326 4109 οὔ
1369 4060 1472 4110 τὸν

304 4143 482 4193 νεώ-τε
490 4158 588 4203 ρον
618 4141 772 4203 λέγει,
801 4139 935 4190 ἀλλὰ
965 4138 1050 4190 τὸν
1085 4137 1466 4203 νεοκατῆχητον·

304 4226 371 4277 cf.
403 4225 461 4273 de
491 4222 673 4273 sacerd.
705 4223 788 4272 ii.:
823 4224 878 4271 οὐ
909 4220 1156 4283 χρὴ...τὸν
1190 4222 1316 4272 νέον
1347 4221 1469 4271 πάν·

302 4324 398 4358 τως
439 4302 888 4369 ἁπείργειν...ἆλλά
923 4305 1007 4355 τὸν
1041 4304 1316 4371 νεόφυτον);
1367 4304 1468 4355 and

303 4406 443 4441 more
460 4388 669 4452 directly
681 4387 752 4452 by
772 4386 928 4437 Thdt.
945 4386 1093 4448 (aster
1108 4382 1230 4451 Th.)
1246 4404 1258 4436 ε
1283 4386 1338 4435 οὐ
1351 4386 1468 4449 γάρ,

303 4470 374 4521 ὥς
401 4486 558 4519 τινες
585 4468 902 4530 ὑπέλαβον,
931 4466 1018 4517 τὸν
1043 4468 1152 4517 νέον
1173 4468 1260 4528 τῆς
1281 4466 1470 4525 ἡλικίας

1576 3487 1651 3535 δεῖ
1667 3484 1737 3549 τῷ
1759 3486 2105 3548 κατηχουμένῳ
2126 3487 2209 3535 καὶ
2235 3485 2360 3543 μετὰ
2387 3484 2445 3533 τὸ
2474 3486 2735 3547 βάπτισμα

1576 3569 1858 3629 δοκιμασίας
1893 3570 2125 3618 πλείονος·
2167 3568 2325 3631 σαφὲς
2356 3569 2455 3631 γὰρ
2486 3563 2545 3618 τό
2580 3569 2731 3617 ἀποσ-

1574 3646 1770 3698 τολικόν
1805 3646 2006 3711 γρᾶμμα
2038 3646 2097 3697 τὸ
2134 3650 2297 3710 λέγον·
2345 3650 2359 3673 ‘
2366 3646 2435 3709 μὴ
2464 3645 2733 3709 νεόφυτον,’

1573 3732 1774 3791 κ.τ.λ.);
1809 3745 1975 3795 comp.
1998 3730 2084 3785 the
2107 3730 2193 3779 8th
2218 3729 2483 3794 Apostolie
2503 3744 2682 3779 canon.

1645 3824 1721 3877 19.
1787 3826 1929 3860 nemo
1950 3810 2272 3870 iuuentutem,
2301 3807 2417 3871 δια]
2440 3824 2485 3860 c.
2510 3810 2577 3858 iv.
2608 3823 2681 3860 η.

1641 3908 1718 3943 21.
1788 3893 2145 3942 sicut...I.ucas
2176 3890 2430 3952 insinuat]
2494 3891 2622 3941 Acts
2643 3890 2729 3941 vii.

1573 3974 1636 4038 58
1661 3975 1909 4035 (νεανίου
1948 3972 2245 4031 καλουμένου
2268 3970 2501 4038 Σαύλου).
2568 3972 2728 4025 Thdt.

1569 4062 1768 4120 repeats
1798 4055 1923 4105 both
1952 4055 2092 4105 these
2116 4062 2429 4119 arguments:
2463 4055 2545 4104 καὶ
2571 4056 2672 4117 γὰρ
2701 4055 2729 4105 ὀ

1567 4134 1799 4201 μακάριος
1816 4134 2054 4197 Τιμόθεος,
2078 4135 2196 4200 πρὸς
2212 4135 2265 4187 ὃν
2278 4134 2433 4185 ταῦτα
2453 4136 2723 4198 γέγραφεν,

1568 4220 1673 4270 νέος
1707 4216 1770 4267 ὢν
1802 4219 1873 4268 ἔτι
1904 4220 2014 4268 τοὺς
2046 4216 2215 4278 νόμους
2246 4219 2440 4268 τούτους
2465 4220 2723 4281 ἐδέχετο...

1569 4303 1651 4350 καί
1683 4297 1825 4350 αὐτὸς
1856 4300 1909 4349 δὲ
1939 4300 1966 4349 ὸ
2001 4300 2121 4349 θεῖος
2154 4296 2429 4350 ἀπόστολος
2459 4301 2645 4351 νεανίας
2666 4300 2731 4350 ὧν

1569 4382 1747 4443 ἠξιώθη
1767 4378 1854 4441 τῆς
1876 4380 2103 4441 κλήσεως.

1603 4462 1608 4467 ’
1637 4480 1718 4514 22.
1785 4464 1934 4515 illum
1988 4464 2083 4529 qui
2132 4471 2292 4529 nuper
2343 4464 2572 4527 credidit]
2659 4463 2729 4515 So
