3250 5025
306 374 435 441 111.
470 375 554 458 2.]

1015 387 1099 438 m
1148 388 1254 440 ΕΡ.
1292 389 1403 464 ,ΑΒ
1449 387 1917 441 τῙΜοΤΗΕυΜ
1964 389 2009 440 1.

2600 391 2717 455 ¹03

303 573 550 620 uxores
594 556 938 623 habebant
983 558 1359 643 legitimas;
1419 559 1600 650 quod
1644 569 1714 624 et
1755 559 2105 644 Moysaica
2151 558 2303 643 lege
2342 559 2561 624 facere
2604 578 2719 622 eos

304 659 581 724 licenter
609 662 976 727 eueniebat,
1044 662 1235 727 multi
1269 683 1426 726 uero
1450 683 1653 726 unam
1686 662 2056 747 legitimam
2086 662 2411 728 habentes
2436 683 2718 727 uxorem

305 787 441 832 non
483 775 674 838 erant
714 767 775 831 ei
819 768 1133 843 contenti,
1164 767 1735 850 permiscebantur
1782 787 1942 831 uero
1984 777 2053 831 et
2092 767 2238 831 aliis
2275 769 2417 832 siue
2463 766 2721 831 ancillis

308 871 443 934 suis
473 870 614 934 siue
646 880 713 933 et
744 869 890 934 aliis
933 870 1316 935 mulieribus
1347 869 1655 934 absolute
1684 869 2109 935 lasciuientes
2134 890 2151 948 3
2200 873 2380 955 quod
2413 879 2482 935 et
2512 889 2723 954 usque

309 971 396 1036 ad
433 993 745 1055 praesens
778 973 856 1039 fit
890 974 979 1038 ab
1009 975 1137 1038 illis
1168 974 1280 1058 qui
1324 974 1688 1056 pudicitiae
1729 974 2147 1057 diligentiam
2196 975 2447 1040 nullam
2488 975 2725 1040 uolunt

309 1079 642 1143 adhibere.

731 1078 918 1142 aiunt
948 1098 1109 1161 ergo
1141 1078 1421 1142 Paulum
1453 1078 1521 1141 id
1565 1078 1839 1155 dixisse,
1871 1079 1965 1142 ita
1988 1087 2064 1141 ut
2108 1078 2219 1142 ille
2243 1079 2357 1161 qui
2400 1078 2726 1142 eiusmodi

308 1194 411 1249 est
460 1181 600 1267 [ad]
645 1183 1104 1266 episcopatum
1153 1183 1577 1266 producatur,
1624 1180 1739 1265 qui
1784 1201 2069 1245 uxorem
2110 1183 2440 1264 accipiens
2487 1182 2728 1266 pudice

307 1288 582 1352 uiuebat
611 1308 763 1351 cum
797 1307 892 1364 ea,
923 1296 1282 1351 contentus
1324 1307 1403 1350 ea
1442 1294 1710 1350 tantum
1753 1295 1819 1350 et
1863 1306 2075 1369 usque
2118 1286 2202 1349 ad
2226 1284 2407 1350 illam
2450 1295 2728 1350 naturae

310 1400 534 1455 motus
566 1392 821 1455 sistens·

911 1391 1025 1474 qui
1057 1392 1111 1454 si
1143 1391 1236 1454 sic
1273 1392 1506 1454 uiuens
1543 1398 1700 1473 post
1736 1390 2167 1454 amissionem
2212 1391 2466 1474 primae
2496 1412 2731 1456 secun-

311 1495 470 1559 dam
501 1494 797 1576 legitime
841 1495 1188 1576 acceperit,
1221 1493 1592 1577 eodemque
1640 1493 1843 1557 modo
1875 1502 1940 1557 et
1972 1515 2125 1558 cum
2168 1493 2281 1559 illa
2318 1495 2542 1560 uiuere
2581 1517 2729 1579 per-

312 1599 574 1672 stiterit,
617 1617 752 1661 non
791 1595 1036 1660 debere
1073 1596 1425 1679 prohibere
1467 1617 1622 1660 eum
1668 1597 1757 1660 ad
1788 1598 2250 1681 episcopatum
2284 1600 2587 1680 transire,
2631 1623 2731 1666 se-

310 1702 604 1765 cundum
638 1700 823 1765 Pauli
855 1701 1331 1768 definitionem.
1389 1701 1518 1767 hoc
1549 1703 1869 1768 dixerunt
1899 1704 2175 1789 quidam
2214 1727 2255 1770 a
2283 1705 2488 1770 beato
2520 1705 2730 1771 Paulo

312 1814 381 1869 et
410 1805 761 1868 definitum
795 1825 940 1868 esse
971 1814 1038 1869 et
1070 1815 1428 1886 statutum3
1475 1827 1758 1891 quorum
1792 1829 1917 1892 ego
1948 1809 2207 1873 dictum
2239 1808 2438 1874 ualde
2469 1832 2729 1895 respu0,

313 1927 433 1971 nec
464 1908 752 1972 suadeor
778 1907 908 1972 illis
938 1911 1120 1993 quod
1154 1912 1206 1974 is
1239 1912 1350 1994 qui
1383 1913 1711 1976 secundas
1752 1913 2020 1996 nuptias
2052 1914 2356 1978 similiter
2384 1917 2728 2000 praecipit,

312 2046 554 2116 ταύτόν
609 2049 724 2117 δύο
776 2052 1081 2136 νομίμους
1133 2051 1318 2143 εἶχον
1377 2058 1707 2136 1γυναῖκας,
1755 2051 1791 2119 ὃ
1843 2053 1953 2120 καὶ
1999 2051 2133 2119 ἀπὸ
2193 2057 2310 2120 τοῦ
2353 2056 2731 2121 Μωσαῖκοΰ
2764 2076 2835 2143 15

312 2152 516 2236 νόμου
545 2158 757 2221 ποιεῖν
785 2151 1004 2226 αὐτοῖς
1035 2155 1501 2243 ἐπετέτραπτο·
1546 2156 1795 2222 πολλοὶ
1828 2155 1899 2221 δὲ
1938 2155 2215 2239 νομίμην
2256 2145 2518 2244 ἔχοντες
2556 2156 2731 2238 μίαν,

310 2257 516 2341 ταύτῃ
553 2255 674 2338 μὲν
716 2255 834 2322 ούκ
877 2254 1208 2345 ἠρκοῦντο,
1241 2258 1590 2346 ἐκέχρηντο
1632 2257 1702 2324 δὲ
1740 2258 1849 2325 καὶ
1889 2257 2136 2347 ἑτέραις
2170 2259 2314 2342 ἤτοι
2348 2259 2731 2332 παιδίσκαις

313 2360 577 2436 ἑαυτῶν,
629 2360 670 2442 ἣ
724 2361 832 2428 καὶ
887 2361 976 2432 εἰς
1035 2359 1150 2432 τὰς
1208 2363 1540 2450 τυχούσας
1586 2361 1918 2433 πολλάκις
1978 2362 2179 2435 ἇδεῶς
2237 2361 2731 2450 ἁμαρτάνοντες·

312 2463 348 2533 ὃ
409 2464 520 2532 καὶ
583 2465 783 2555 μέχρι
858 2468 972 2544 τῆς
1042 2465 1229 2554 δεῦρο
1296 2466 1546 2552 «γίνεται
1604 2466 1791 2554 παρὰ
1858 2471 1992 2535 τῶν
2059 2465 2181 2534 οὐκ
2250 2467 2733 2552 ἐπιμελομένων

313 2568 764 2657 σωφροσύνης·
851 2575 1046 2636 τοῦτο
1121 2570 1444 2659 εἰρηκέναι
1517 2570 1629 2646 τὸν
1695 2574 1973 2638 Παῦλον
2032 2572 2306 2657 ἔφησαν,
2375 2570 2547 2638 ὥστε
2617 2571 2731 2639 τὸν
2758 2603 2843 2650 20

313 2678 606 2739 τοιοῦτον
657 2674 748 2743 εἰς
798 2672 919 2753 τὴν
974 2674 1346 2753 ἐπισκοπὴν
1396 2673 1833 2762 παράγεσθαι,
1889 2673 1961 2745 ὃς
2012 2674 2405 2760 ὦγανγόμενος
2453 2680 2733 2761 «γυναῖκα

313 2775 663 2863 σωφρόνως
722 2777 885 2857 ἐβίω
942 2778 1106 2860 μετὰ
1164 2776 1420 2859 ταύτης,
1474 2779 1824 2867 προσέχων
1879 2778 2042 2863 αὐτῇ
2103 2777 2213 2844 καὶ
2257 2779 2489 2869 μέχρις
2536 2777 2734 2858 αὐτῆς

313 2878 536 2965 ὁρίζων
578 2883 693 2960 τῆς
741 2880 996 2968 φύσεως
1041 2878 1156 2961 τὴν
1195 2880 1422 2968 ὄρεξιν.

1534 2878 1617 2951 ὦς
1664 2883 1816 2953 εἴτις
1868 2879 2068 2953 οὕτως
2111 2882 2324 2961 ζήσας,
2370 2881 2735 2960 ἀποβαλών

313 2983 434 3062 τὴν
472 2981 798 3071 προτέραν
849 2982 1124 3067 νομίμως
1175 2980 1489 3069 ὠγάιγοιτο
1550 2981 1873 3071 δευτέραν,
1927 2982 2041 3050 τὸν
2088 2982 2288 3049 αύτὲν
2349 2981 2425 3064 δὴ
2487 2979 2735 3067 τρόπον

307 3084 494 3164 βιοὺς
537 3085 646 3149 καὶ,
686 3085 852 3167 μετὰ
893 3083 1146 3165 ταύτης,
1177 3083 1267 3167 μὴ
1309 3084 1643 3173 εἴργεσθαι
1680 3084 1875 3151 αὐτὸν
1910 3086 2082 3151 κατὰ
2122 3083 2243 3167 τὴν
2284 3089 2403 3150 τοῦ
2448 3085 2733 3151 Παύλου
2760 3113 2838 3180 25

318 3186 705 3271 νομοθεσίαν
749 3189 864 3267 τῆς
905 3187 994 3257 εἰς
1037 3187 1156 3268 τὴν
1193 3188 1565 3267 ἐπισκοπὴν
1595 3188 1900 3273 παρόδου.
1989 3190 2183 3253 τοῦτο
2216 3186 2517 3274 εἰρῆσθαι
2548 3185 2737 3274 παρὰ

317 3296 434 3356 τοῦ
475 3291 981 3378 μακαριωτάτου
1013 3289 1291 3356 Παύλου
1336 3288 1713 3369 νενοηκὸτας
1752 3288 1931 3361 τινὰς
1974 3288 2151 3355 πάνυ
2190 3315 2265 3371 1’γε
2302 3288 2736 3377 ἀποδέχομαι,

313 3394 616 3477 μάλιστα
659 3392 927 3459 πάντων
973 3392 1048 3460 ού
1105 3393 1481 3475 πειθόμενος
1527 3392 1633 3459 ὅτι
1678 3391 1711 3456 ὁ
1756 3392 1870 3459 τὸν
1913 3391 2210 3480 δεύτερον
2251 3392 2462 3475 «γάμον
2507 3391 2738 3474 ὁμοίως

418 3546 447 3595 3
481 3547 542 3581 ea
563 3547 596 3581 r
745 3543 772 3593 5
807 3531 874 3580 ab
905 3530 1004 3580 illis
1033 3546 1111 3581 om
1141 3530 1230 3579 Cr

316 3613 380 3663 sit
403 3613 509 3663 eius
531 3629 566 3661 r
710 3628 770 3663 10
802 3628 963 3677 eoque
987 3612 1103 3676 (jor
1122 3608 1418 3676 eodemque)
1443 3626 1475 3659 r

317 3695 677 3745 deffinitionem
707 3694 751 3743 C
771 3694 916 3759 (corr)
963 3693 1293 3743 diffinitionem
1319 3694 1383 3741 H
1417 3692 1767 3742 diffinitionem
1792 3709 1823 3741 r

318 3777 388 3826 H
529 3792 588 3837 14
620 3776 686 3825 ab
711 3775 808 3839 (ast
827 3776 1056 3839 suadeor)
1080 3775 1184 3823 add
1201 3791 1233 3823 r
1259 3771 1268 3837 Ι
1295 3773 1550 3838 praecepit
1573 3789 1606 3822 r

393 3922 469 3970 ¹3·
535 3905 682 3954 ualde
717 3904 908 3969 respuo]
961 3904 1012 3953 Is
1052 3904 1151 3953 this
1183 3903 1484 3952 marvellous

321 3988 608 4053 perversion
653 3986 712 4036 of
756 3987 840 4035 the
888 3986 987 4036 Gk.
1037 4002 1102 4034 an
1157 3985 1486 4035 unconscious

323 4084 460 4119 error
492 4084 558 4116 on
593 4066 678 4116 the
712 4074 824 4131 part
857 4066 916 4115 os
943 4066 1028 4115 the
1063 4066 1340 4124 translator,
1370 4064 1485 4112 who

322 4150 416 4199 has
449 4150 600 4198 taken
625 4146 930 4207 ἀποδέχομαι
953 4146 1030 4195 sor
1051 4144 1404 4205 ἀποδοκιμάζω,
1429 4160 1488 4193 or

323 4250 356 4283 a
399 4232 672 4281 deliberate
725 4232 1003 4279 correction
1057 4230 1126 4293 by
1169 4246 1200 4277 a
1237 4227 1486 4276 monastic

326 4314 535 4379 copyist,
565 4312 788 4362 shocked
813 4320 864 4361 at
889 4312 973 4361 the
1004 4318 1302 4375 acceptance
1337 4309 1394 4358 of
1421 4326 1488 4359 an

323 4396 534 4462 opinion
567 4410 623 4445 so
658 4395 885 4459 opposed
919 4402 973 4444 to
1006 4392 1358 4443 ecclesiastical
1393 4398 1486 4441 tra-

326 4479 485 4529 dition
525 4476 608 4541 [cf.
651 4477 736 4527 the
769 4476 1104 4527 commentos
1133 4476 1218 4527 the
1250 4473 1482 4533 catenist,

1382 3541 1408 3589 7
1444 3529 1509 3579 ad
1542 3545 1621 3579 om
1665 3528 1837 3578 C*H

1978 3540 2011 3591 9
2044 3529 2199 3578 sitens
2224 3526 2339 3593 (for
2358 3525 2553 3593 sistens)
2585 3528 2751 3578 C'H

1634 3624 1684 3658 11
1724 3609 1979 3674 prohiberi
2002 3625 2036 3659 r
2167 3624 2225 3658 12
2261 3608 2623 3657 diffinctionern
2652 3606 2736 3659 C*

1979 3707 2036 3755 13
2071 3690 2345 3740 definctum
2372 3690 2533 3741 C*H
2551 3690 2559 3755 Ι
2591 3693 2742 3743 fuisse

1756 3786 1813 3836 17
1849 3772 2059 3835 ἑταίραις
2081 3770 2181 3833 (for
2203 3772 2404 3833 ἑτέραις)
2429 3771 2541 3821 cod.
2571 3769 2741 3834 (corr.)

1583 3918 1635 3966 p.
1670 3899 1777 3958 106,
1813 3901 1847 3950 1.
1886 3916 1965 3964 24,
2014 3916 2095 3950 vv.
2146 3900 2267 3961 11.]?
2350 3900 2425 3949 Or
2477 3898 2521 3949 is
2576 3907 2745 3963 respuo

1583 3982 1773 4046 merely
1794 3998 1825 4031 a
1846 3982 2046 4031 clerical
2079 3998 2215 4032 error
2247 3982 2321 4029 sor
2344 3980 2553 4044 recipio?
2620 3982 2645 4029 1
2668 3983 2743 4031 in·

1585 4067 1715 4117 cline
1746 4073 1797 4114 to
1829 4065 1914 4114 the
1946 4064 2040 4113 last
2072 4062 2410 4127 explanation,
2438 4064 2528 4111 but
2560 4062 2747 4127 having

1585 4148 1763 4211 regard
1801 4154 1853 4194 to
1888 4146 1971 4195 the
2006 4146 2290 4210 possibility
2324 4144 2382 4193 of
2416 4144 2499 4195 the
2532 4146 2747 4196 mistake

1585 4228 1741 4290 being
1783 4228 1881 4277 due
1925 4235 1978 4277 to
2022 4227 2109 4277 the
2156 4226 2420 4275 translator
2462 4226 2679 4288 himself,
2718 4230 2745 4277 1

1587 4309 1728 4359 leave
1744 4309 1826 4357 the
1845 4316 1950 4359 text
1974 4308 2250 4359 unaltered.
2286 4308 2397 4357 The
2416 4308 2515 4357 Gk.
2539 4308 2748 4374 happily

1589 4390 1811 4440 survives
1856 4398 1909 4440 to
1952 4391 2073 4441 bear
2117 4390 2319 4441 witness
2358 4396 2411 4439 to
2456 4390 2601 4441 Th.’s
2644 4390 2747 4441 real

1591 4472 1879 4524 sentiment.

2764 1514 2843 1562 10
