3250 5025
481 407 604 458 100

1123 403 1584 458 THEODORUS
1630 401 2117 458 MOPSUESTEN
2128 403 2218 457 US

2639 386 2796 472 [111.
2832 403 2868 450 2

471 579 653 663 quod
714 580 904 663 quasi
965 601 1006 644 a
1065 579 1369 663 pluribus
1427 581 1841 646 obseruatur.
1930 580 1985 644 si
2045 580 2223 644 enim
2300 578 2575 663 quidam
2650 576 2893 661 pudice

471 684 708 750 uiuens
737 686 1097 750 secundam
1131 686 1463 768 acceperit
1492 706 1795 763 uxorem,
1822 685 2027 750 talem
2060 685 2128 748 in
2151 684 2328 749 clero
2359 705 2493 749 non
2526 681 2891 766 recipiunt3

469 788 528 850 si
587 797 814 852 autem
873 789 1146 872 quidam
1209 787 1442 852 uiuens
1519 788 1864 852 luxuriose
1938 808 2143 852 unam
2202 786 2503 871 legitime
2562 785 2895 869 acceperit

473 913 773 975 uxorem,
825 893 880 955 is
926 893 993 955 in
1039 891 1214 956 clero
1263 901 1333 957 et
1381 893 1695 976 recipitur
1738 903 1807 957 et
1855 893 2260 975 producitur,
2308 902 2377 958 et
2420 892 2693 976 quidem
2738 909 2893 954 curn

411 1005 442 1074 5
475 995 713 1060 beatus
745 995 990 1060 Paulus
1035 995 1382 1061 euidenter
1425 998 1735 1063 adnuerit
1770 999 2099 1062 secundas
2145 999 2391 1063 debere
2432 998 2702 1081 nuptias
2733 993 2891 1068 fieri,

474 1099 693 1163 omnis
745 1119 904 1163 uero
952 1099 1316 1182 permixtio
1367 1120 1542 1183 quae
1602 1111 1867 1183 praeter
1913 1099 2249 1184 legitimas
2296 1102 2565 1185 nuptias
2608 1100 2895 1163 habetur

475 1203 754 1266 euidens
802 1203 1153 1267 fornicatio
1206 1211 1331 1266 est.

1421 1212 1490 1266 et
1543 1203 1809 1268 interim
1855 1206 2319 1286 praetermitto
2364 1202 2548 1281 illud,
2595 1202 2776 1286 quod
2828 1210 2896 1266 et

475 1305 642 1370 duas
674 1327 921 1371 uxores
951 1307 1284 1391 legitimas
1315 1305 1539 1390 palam
1573 1309 1976 1391 accipientes
2008 1319 2077 1373 et
2122 1310 2469 1392 baptizant
2510 1316 2579 1374 et
2619 1308 2686 1370 in
2719 1307 2895 1371 clero

477 1464 701 1552 εὑρεῖν·
769 1468 827 1535 εἰ
862 1467 984 1553 μὲν
1017 1467 1145 1557 «γάρ
1176 1495 1276 1540 τις
1315 1469 1410 1551 εἴη
1448 1471 1737 1558 σώφρων
1772 1470 1859 1541 ὥς
1901 1470 2210 1558 δευτέραν
2244 1468 2555 1554 ὠγόμενος
2597 1472 2897 1552 γυναῖκα,

374 1591 452 1639 10
477 1575 706 1639 τοῦτον
736 1570 810 1638 οὕ
841 1569 1231 1660 προσίενται
1261 1571 1352 1643 εἰς
1385 1577 1651 1660 κλῆρον·
1716 1573 1773 1641 εἰ
1807 1571 1879 1638 δὲ
1906 1572 2169 1653 βιώσας
2198 1599 2297 1643 τις
2330 1569 2414 1643 ὥς
2444 1569 2517 1637 οὔ
2558 1573 2898 1657 προσῆκεν

474 1673 638 1758 μίαν
679 1673 966 1759 ἥογάνγετο
1012 1673 1180 1741 κατὰ
1220 1675 1435 1758 νόμον,
1482 1673 1672 1746 οὗτος
1716 1675 1807 1747 εἰς
1848 1674 2055 1760 μέσον
2096 1674 2488 1763 παράγεται,
2526 1671 2742 1739 καίτοι
2785 1668 2899 1738 τὸν

475 1775 599 1862 μὲν
651 1774 951 1866 δεύτερον
992 1777 1206 1863 «γάμον
1256 1781 1375 1845 τοῦ
1423 1777 1752 1862 μακαρίου
1797 1777 2075 1845 Παύλου
2123 1781 2360 1865 σαφῶς
2412 1773 2897 1863 ἐπιτρέψαντος

476 1876 797 1962 γίνεσθαι,
834 1876 1060 1960 πάσης
1104 1879 1174 1946 δὲ
1217 1883 1336 1962 τῆς
1379 1879 1565 1965 παρὰ
1609 1879 1721 1948 τὸν
1766 1879 2042 1965 νόμιμον
2085 1879 2298 1965 ογάμον
2340 1877 2563 1960 κοίτης
2598 1875 2899 1962 πορνείας

479 1981 679 2062 οὔσης
736 1985 986 2070 σαφῶς.

1105 1981 1217 2048 καὶ
1265 1983 1552 2067 παρίημι
1602 1981 1764 2054 τέως
1815 1984 2036 2060 ἐκεῖνο,
2091 1982 2196 2050 ὅτι
2246 1982 2359 2049 καὶ
2411 1981 2527 2048 δύο
2583 1985 2900 2064 «γυναῖκας

376 2105 446 2174 15
479 2084 802 2173 εἰληφότα
859 2087 1092 2173 σαφῶς
1140 2085 1474 2170 (νομίμους
1531 2085 1759 2172 λέγω),
1808 2085 2267 2166 βαπτίσαντες
2319 2085 2431 2152 ἐπὶ
2482 2083 2598 2152 τὸν
2656 2086 2901 2171 κλῆρον

582 2255 603 2291 1
641 2241 874 2306 pruribus
909 2240 1024 2306 (for
1041 2240 1135 2305 pl.)
1177 2239 1265 2290 C*

480 2324 547 2373 H
563 2321 573 2389 Ι
602 2323 656 2372 in
693 2322 872 2372 ceteris
909 2321 1009 2386 (ast
1039 2322 1175 2385 cum)
1220 2321 1328 2372 add
1352 2338 1385 2371 r

479 2406 668 2471 nuptiis
696 2406 741 2456 C
753 2404 781 2431 ⁴*
797 2406 867 2455 H

1487 2256 1514 2292 a
1549 2239 1795 2306 recipiant
1836 2241 1881 2290 C
1913 2237 2061 2305 (corr)

1622 2321 1656 2372 6
1700 2329 1933 2388 queretur
1969 2322 2083 2386 (for
2112 2336 2242 2387 quae
2274 2319 2489 2386 praeter)
2518 2318 2601 2369 C*
2630 2315 2641 2384 Ι
2668 2317 2905 2382 legitimis

1094 2408 1126 2455 8
1159 2414 1276 2471 post
1312 2404 1414 2471 (bes
1441 2405 1584 2470 duas)
1621 2407 1731 2455 add
1744 2423 1776 2456 r
1804 2404 1813 2471 1
1840 2406 2077 2473 accipites
2104 2405 2191 2457 C*
2254 2403 2481 2470 accipitis
2501 2403 2565 2453 H
2621 2409 2852 2467 acceptas
2872 2417 2906 2452 r

2280 2258 2312 2302 4
2346 2238 2528 2290 clerieo
2563 2237 2606 2287 C
2630 2234 2640 2302 Ι
2668 2236 2900 2302 equidem

487 2500 545 2549 ¹4
581 2487 740 2546 οὔσης.
807 2486 976 2549 σαφῶς
997 2485 1112 2537 edd.
1125 2503 1142 2548 ς
1171 2486 1265 2537 for.
1289 2486 1387 2553 leg.
1416 2488 1559 2549 οὔσης
1581 2489 1784 2551 σαφοῦς.

551 2627 599 2663 2.
664 2613 816 2663 talem
855 2613 914 2663 in
948 2614 1072 2664 clero
1104 2629 1206 2663 non
1239 2614 1510 2679 recapiunl]
1559 2615 1649 2666 Se-

482 2692 616 2741 cond
649 2692 920 2757 marriages
953 2708 1084 2743 were
1117 2693 1360 2757 regarded
1387 2695 1510 2744 with
1549 2694 1650 2743 dis·

481 2774 657 2824 favour
685 2774 755 2839 by
775 2776 863 2825 the
893 2776 1030 2839 early
1057 2776 1274 2835 Church‚
1302 2777 1404 2827 and
1438 2792 1565 2827 even
1594 2776 1649 2826 in

483 2857 570 2908 the
609 2872 722 2907 case
766 2857 827 2907 of
853 2856 1055 2921 laymen
1090 2873 1122 2907 a
1154 2874 1380 2923 penance
1412 2859 1472 2908 of
1507 2874 1650 2909 some

481 2937 612 2987 kind
635 2954 737 2988 was
761 2937 956 3004 usually
979 2939 1208 3004 imposed
1232 2940 1518 3006 (Bingham‚
1546 2942 1650 2991 xvi.

483 3034 529 3069 c.
554 3018 619 3069 xi.
657 3032 716 3082 73
765 3020 954 3081 Routh,
992 3021 1103 3072 rell.
1138 3037 1262 3072 sacr.
1303 3020 1370 3071 iv.
1409 3036 1497 3087 pp.
1538 3018 1648 3078 166,

490 3100 616 3165 195).
689 3102 790 3152 But
829 3102 963 3153 what
1002 3118 1106 3153 was
1143 3102 1316 3169 barely
1347 3104 1561 3155 allowed
1594 3104 1649 3155 in

481 3185 570 3234 the
593 3182 808 3248 layman,
833 3184 982 3234 could
1015 3191 1105 3235 not
1130 3186 1196 3235 be
1217 3186 1464 3237 tolerated
1485 3185 1538 3237 in
1561 3187 1649 3238 the

482 3266 638 3333 priest
651 3282 668 3327 ς
702 3266 804 3316 and
838 3266 924 3317 the
956 3267 1065 3317 rule
1095 3267 1262 3317 which
1291 3268 1389 3319 Th.
1419 3284 1651 3319 censures

483 3364 589 3399 was
619 3356 711 3399 not
744 3349 865 3415 only
895 3350 1224 3415 widespread‚
1262 3351 1353 3401 but
1396 3351 1651 3416 primitive

485 3430 649 3494 (Tert.
671 3430 744 3479 ad
760 3446 904 3481 uxor.
927 3431 962 3482 i.
993 3443 1039 3494 7,
1064 3431 1123 3481 de
1141 3447 1331 3498 monog.
1352 3448 1427 3494 ιι,
1453 3433 1512 3483 de
1531 3433 1644 3484 exla.

481 3522 599 3564 cast.
629 3526 690 3577 73
725 3514 867 3580 orig.
905 3516 964 3564 in
997 3516 1120 3566 Luc.
1154 3526 1246 3580 173
1281 3531 1388 3581 esp.
1427 3516 1644 3582 Hippol.

471 3596 654 3661 philos.
679 3596 748 3646 ix.
776 3611 833 3647 ια
859 3597 960 3660 [ed.
998 3598 1257 3657 Duncker,
1296 3613 1348 3662 p.
1383 3596 1532 3663 459]:
1565 3599 1651 3648 ἐπὶ

481 3680 655 3728 τούτου
686 3680 794 3742 [τοῦ
819 3679 1130 3741 Καλλίστου]
1153 3679 1358 3742 ἤρξαντο
1389 3682 1651 3729 ἐπίσκοπα

483 3763 564 3812 καὶ
596 3764 912 3827 πρεσβύτεροι
956 3764 1035 3813 καὶ
1075 3760 1288 3812 διάκονοι
1327 3762 1524 3824 δίγαμοι
1566 3763 1651 3812 καὶ

482 3844 710 3906 τρίγαμοι
731 3845 1056 3893 καθίστασθαι
1079 3843 1146 3894 εἰς
1167 3840 1408 3907 κλήρους).

551 3936 595 3987 7.
667 3930 716 3974 et
744 3924 951 3974 interim
974 3925 1336 3989 praetermitto,
1362 3924 1481 3986 δια]
1517 3924 1649 3975 This

483 4005 774 4055 concession
799 4012 852 4055 to
873 4005 1135 4069 digamists
1152 4004 1322 4056 whose
1339 4006 1531 4055 offence
1546 4005 1651 4055 had

483 4088 613 4139 been
635 4087 929 4139 committed
959 4088 1132 4139 before
1162 4088 1382 4153 baptism
1411 4104 1573 4139 seems
1595 4096 1651 4139 to

483 4171 614 4221 have
643 4171 776 4221 been
807 4172 952 4220 usual
986 4170 1038 4219 in
1069 4171 1154 4221 the
1183 4178 1325 4233 east3
1357 4170 1436 4221 sor
1456 4171 1651 4236 though

485 4253 540 4304 S.
571 4252 706 4301 Basil
730 4252 981 4303 mentions
1003 4267 1071 4301 no
1104 4252 1227 4303 such
1257 4254 1524 4317 exception
1557 4254 1649 4319 (qo.

491 4329 598 4393 188,
627 4332 802 4397 Migne
825 4332 886 4383 P.
921 4333 979 4383 G.
1010 4346 1091 4395 3²,
1117 4330 1212 4383 681
1238 4351 1252 4384 ς
1285 4334 1395 4383 τοὺς
1425 4332 1654 4395 διγάμους

483 4411 792 4466 παντελῶς
813 4415 840 4464 ὁ
863 4414 1018 4463 nard!
1037 4416 1124 4474 τῆς
1147 4414 1409 4477 ὑπηρεσίας
1429 4413 1651 4465 ἀπέκλει-

485 4494 607 4559 σεν),
635 4497 703 4561 by
725 4496 812 4547 the
841 4494 956 4547 16th
981 4496 1298 4561 Apostolical
1321 4497 1501 4548 Canon
1530 4496 1653 4565 only

1744 2614 1770 2666 ὀ
1794 2616 1928 2665 δυσὶν
1954 2612 2124 2678 ’γάμοις
2154 2616 2454 2675 συμπλακεὶς
2484 2614 2630 2675 μετὰ
2662 2614 2727 2665 τὸ
2756 2610 2905 2678 βάπ-

1742 2713 1929 2756 τισμα
1950 2696 1993 2747 is
2015 2697 2291 2756 excluded3
2327 2697 2426 2746 and
2460 2696 2502 2746 it
2532 2697 2576 2747 is
2597 2696 2708 2765 ,this
2740 2711 2904 2745 canon

1744 2778 1911 2829 which
1924 2778 2009 2829 the
2025 2778 2290 2841 Quinisext
2308 2779 2402 2829 Co.
2422 2778 2643 2842 verbally
2658 2785 2905 2828 re·enacts

1747 2858 1876 2925 (can.
1908 2875 1936 2923 3
1958 2858 2289 2921 ἀνανεούμενοι
2316 2857 2401 2909 τὸν
2430 2856 2604 2909 κανόνα
2632 2860 2717 2908 τὸν
2744 2861 2902 2919 διαγο-

1744 2940 1947 3007 ρεῦοντα
1967 2944 2052 2993 τὸν
2072 2944 2207 2993 δυσὶν
2222 2940 2393 3005 ’γάμοις
2415 2940 2765 3002 συμπλακέντα
2779 2940 2907 2999 μετὰ

1744 3025 1803 3076 τὸ
1822 3024 2100 3088 βάπτισμα,
2127 3025 2321 3085 κ.τ.λ.).
2389 3025 2455 3075 In
2476 3023 2563 3074 the
2579 3024 2738 3083 West,
2764 3022 2904 3071 how-

1745 3122 1879 3164 ever,
1902 3122 1933 3155 a
1954 3121 2095 3156 more
2126 3106 2309 3171 logical
2342 3105 2593 3156 strictness
2626 3104 2899 3170 prevailed‚

1745 3187 1849 3236 and
1881 3186 1919 3236 it
1952 3186 1996 3235 is
2028 3188 2226 3237 curious
2258 3192 2313 3237 to
2344 3185 2449 3236 find
2477 3185 2622 3235 Th.’s
2653 3184 2904 3249 objection

1746 3268 2052 3333 anticipated
2074 3268 2144 3332 by
2166 3267 2220 3318 S.
2249 3268 2501 3317 Ambrose
2524 3266 2601 3327 (de
2622 3267 2702 3332 qffi
2724 3266 2757 3317 i.
2782 3278 2903 3329 247:

1753 3350 2086 3413 “intellegere
2104 3349 2344 3399 debemus
2358 3348 2475 3414 quia
2489 3347 2740 3413 baptismo
2757 3346 2909 3411 culpa

1746 3431 1933 3481 dimitti
1962 3438 2145 3497 potest,
2172 3430 2251 3481 lex
2280 3430 2471 3481 aboleri
2492 3444 2595 3479 non
2618 3435 2797 3494 potest.
2852 3428 2907 3477 in

1747 3516 1982 3579 coniugio
2019 3530 2120 3565 non
2162 3514 2325 3580 culpa,
2366 3515 2455 3564 sed
2493 3514 2576 3563 lex
2614 3521 2719 3571 est;
2769 3512 2907 3577 quod

1746 3596 1925 3662 eulpae
1946 3604 2021 3646 est
2049 3595 2201 3660 igitur
2230 3595 2284 3645 in
2306 3594 2609 3660 baptismate
2641 3592 2907 3652 relaxatur,

1747 3678 1885 3742 quod
1908 3677 2031 3741 legis
2053 3685 2129 3727 est
2152 3678 2205 3727 in
2227 3676 2461 3741 coniugio
2487 3692 2589 3726 non
2621 3675 2831 3726 soluitur
2840 3672 2909 3739 '').

1746 3758 1799 3807 A
1822 3759 2019 3809 Freuch
2052 3760 2212 3823 synod
2244 3758 2363 3808 held
2397 3765 2449 3808 at
2472 3756 2695 3807 valence
2726 3757 2779 3806 in
2814 3769 2911 3818 374

1745 3841 1849 3892 had
1870 3842 2155 3908 previously
2175 3842 2443 3892 embodied
2466 3841 2565 3891 this
2586 3839 2833 3905 principle
2854 3839 2909 3889 in

1745 3939 1778 3973 a
1810 3938 1973 3974 canon
2006 3924 2189 3984 (Cone.
2218 3923 2419 3973 Valent.
2457 3922 2491 3973 i.
2524 3938 2636 3971 can.
2664 3937 2721 3971 1:
2762 3921 2909 3971 “nec

1747 4004 2103 4070 requirendum
2145 4010 2375 4054 utrumne
2413 4002 2597 4053 initiati
2629 4016 2911 4053 sacramen-

1747 4086 1815 4138 tis
1852 4086 2038 4137 diuinis
2070 4101 2201 4137 anne
2232 4085 2445 4151 gentiles
2478 4085 2573 4135 hac
2611 4100 2667 4135 se
2698 4082 2914 4134 infelicis

1747 4170 1897 4221 sortis
1927 4169 2225 4221 necessitate
2256 4169 2554 4219 macularint
2567 4166 2638 4231 ”).
2705 4168 2791 4220 On
2824 4166 2913 4219 the

1749 4253 1895 4303 other
1938 4253 2075 4303 hand
2122 4252 2178 4303 S.
2222 4252 2427 4317 Jerome
2468 4249 2555 4315 (ep.
2603 4249 2684 4314 69,
2734 4249 2915 4314 Migne

1750 4334 1812 4385 P.
1852 4334 1915 4385 L.
1953 4348 2032 4396 αα,
2068 4334 2167 4398 653
2196 4332 2293 4399 sq.)
2338 4331 2517 4397 boldly
2550 4344 2785 4395 espouses
2823 4330 2917 4380 the

1752 4414 1965 4465 Eastern
2002 4414 2240 4479 practice.
2312 4411 2393 4463 Cf.
2432 4412 2608 4462 Innoc.
2655 4411 2699 4460 Ι.
2734 4418 2804 4475 ep.
2852 4426 2911 4475 17

1751 4492 1949 4561 (Migne
1974 4497 2033 4547 P.
2054 4496 2118 4547 L.
2148 4509 2229 4551 πο,
2250 4492 2378 4557 5²7)-
