3250 5025
487 314 575 379 44
1153 315 1609 368 T11E0D0Rus
1657 315 2243 369 MOPSUESTENUS
2618 304 2700 387 [1.
2728 315 2919 385 4—7.

491 494 709 550 uestra
735 496 799 550 et
815 472 960 570 fide
990 487 1060 551 in
1103 488 1403 554 omnibus
1425 488 1972 574 persecutionibus
2014 489 2251 555 uestris
2283 500 2347 555 et
2387 488 2919 556 tribulationibus

492 611 659 672 quas
685 592 1036 659 sustinetis.

625 714 948 799 ‘denique
995 723 1063 779 et
1115 735 1239 779 nos
1284 714 1466 778 omni
1513 714 1582 778 in
1622 714 1771 778 loco
1808 713 1894 779 de
1936 714 2129 779 uobis
2168 714 2531 798 gloriantes
2574 716 2917 780 referimus

494 814 650 879 fidei
686 824 948 881 uestrae
991 815 1398 895 firmitatem,
1437 816 1805 893 laudanteS,
1854 838 1936 881 eo
1985 815 2166 900 quod
2210 826 2277 881 et
2322 818 2674 880 tormentis
2715 817 2915 880 uariis

433 919 716 999 Saffecti
771 920 838 983 in
887 919 1128 985 eodem
1180 928 1362 983 statu
1417 919 1912 1003 permansistis?
2000 920 2174 983 bene
2234 928 2460 983 autem
2514 919 2692 983 dixit
2750 940 2919 1002 quas

491 1022 841 1101 sustinetis,
900 1044 981 1088 eo
1041 1022 1220 1107 quod
1281 1022 1410 1087 hoc
1469 1021 1910 1088 demiratione
1967 1024 2247 1108 dignum
2309 1032 2469 1101 erat,
2524 1024 2706 1107 quod
2760 1024 2914 1089 sorti

494 1126 722 1190 animo
768 1126 1171 1189 sustinerent
1219 1124 1427 1189 inlata
1476 1125 1600 1188 sibi
1655 1134 2007 1190 tormenta.
2095 1126 2341 1191 deinde
2389 1126 2552 1190 dicit
2592 1136 2661 1191 et
2708 1126 2914 1210 ipsius

495 1227 824 1313 passionis
857 1228 1216 1292 utilitatem
1246 1247 1260 1291 ε

621 1380 1223 1447 demonstrationem
1276 1383 1440 1447 iusti
1478 1381 1714 1448 iudicii
1756 1380 1903 1460 Dei,
1952 1392 2032 1446 ut
2072 1382 2267 1466 digni
2303 1380 2681 1447 habeamini
2723 1402 2916 1465 regno

391 1496 470 1548 10
493 1484 638 1562 Dei,
655 1495 782 1569 pro
808 1507 933 1569 quo
959 1497 1023 1550 et
1033 1487 1373 1570 patimini.

624 1612 643 1639 ‘
665 1608 1074 1691 adparebitis
1121 1610 1369 1673 etenim
1419 1609 1508 1673 ob
1561 1608 1692 1673 ista
1744 1608 1812 1671 in
1864 1608 2088 1674 futuro
2132 1608 2398 1673 saeculo
2443 1609 2617 1672 iusta
2658 1606 2914 1671 ratione

493 1732 772 1797 regnum
803 1712 1138 1777 caelorum
1169 1712 1476 1790 fruenteS,
1524 1712 1580 1776 si
1620 1721 1853 1777 tamen
1891 1723 1960 1779 et
1990 1734 2112 1797 pro
2144 1713 2259 1777 illo
2290 1713 2431 1805 pati
2463 1712 2911 1797 adquiescitiS,

494 1836 813 1900 magnum
865 1817 1207 1900 quoddam
1261 1816 1515 1880 bonum
1575 1818 2044 1882 existimantes
2106 1818 2245 1883 eius
2300 1838 2446 1881 esse
2491 1817 2913 1883 fruitionem!

493 1930 563 1985 et
609 1921 970 1986 ostendens
1023 1921 1342 2005 quoniam
1396 1941 1520 1985 nec
1566 1921 1965 1986 aduersariis
2013 1922 2180 1987 talia
2226 1922 2294 1985 in
2341 1920 2470 1985 illis
2516 1918 2913 1986 facientibus

391 2035 462 2103 15
494 2028 618 2093 erit
648 2027 937 2110 impune,
968 2027 1216 2091 adicit:

621 2172 690 2237 si
732 2183 945 2237 tamen
993 2172 1237 2238 iustum
1279 2183 1376 2238 est
1413 2173 1598 2257 apud
1634 2173 1851 2237 Deum
1896 2172 2242 2238 retribuere
2282 2172 2391 2237 his
2432 2172 2552 2257 qui
2591 2174 2917 2239 tribulant

493 2299 611 2343 uos
638 2277 1199 2356 retribulationem
1230 2288 1292 2343 et
1319 2279 1513 2358 uobis,
1545 2278 1668 2362 qui
1693 2277 2125 2355 tribulamini,
2158 2278 2442 2361 requiem
2472 2278 2821 2344 nobiscum.

626 2419 783 2465 nam
814 2398 994 2483 quod
1026 2399 1187 2463 dicit
1214 2399 1281 2463 si
1307 2398 1553 2463 iustum
1581 2407 1690 2475 est,
1723 2397 1852 2461 hoc
1897 2397 2060 2461 dicit
2086 2422 2101 2463 :
2142 2396 2210 2461 si
2250 2408 2466 2462 tamen
2512 2397 2760 2463 iustum
2802 2406 2912 2465 est.

595 2578 622 2628 7
657 2565 710 2614 in
734 2564 842 2629 (bef
847 2563 1016 2623 torm.)
1039 2562 1144 2612 add
1164 2561 1236 2611 C*
1463 2575 1496 2626 9
1531 2561 1582 2610 in
1608 2558 1715 2625 (bes
1721 2557 2015 2625 demonstr.)
2037 2560 2144 2610 add
2159 2576 2192 2610 r
2424 2577 2480 2611 ια
2516 2577 2670 2626 regno
2698 2561 2743 2611 C
2762 2562 2912 2622 (corr)

499 2662 558 2710 13
593 2645 698 2696 eius
719 2660 797 2695 om
820 2660 852 2693 r
878 2642 886 2708 Ι
913 2643 1146 2694 fruitione
1167 2659 1201 2692 r
1397 2655 1454 2706 17
1491 2641 1864 2692 tribulationem
1892 2641 1935 2690 C
1955 2657 1988 2690 r
2185 2643 2244 2690 18
2277 2656 2395 2690 nam
2428 2643 2565 2706 quod
2588 2642 2640 2692 d.
2662 2642 2705 2691 si
2728 2641 2912 2692 iustum

494 2743 538 2778 e.
564 2726 616 2777 h.
639 2727 692 2776 d.
716 2726 758 2775 si
781 2733 949 2775 tamen
973 2725 1155 2774 iustum
1177 2731 1253 2775 est
1273 2739 1352 2774 om
1373 2724 1442 2773 H

561 2856 611 2908 6.
675 2873 726 2906 eo
758 2858 892 2922 quod
911 2857 1000 2906 hoc
1029 2857 1367 2917 demiratione,
1395 2855 1511 2916 δια]
1557 2856 1651 2906 Le.

495 2939 571 2990 αῖς
589 2935 824 3000 ἀνέχεσθε
846 2939 888 2988 is
910 2944 999 2987 not
1017 2938 1190 2997 otiose,
1213 2938 1302 2987 but
1325 2938 1451 2987 adds
1467 2937 1657 3002 weight

496 3019 598 3069 and
633 3018 776 3084 point
807 3027 861 3067 to
889 3018 1145 3079 ὑπομονῆς,
1172 3020 1316 3068 nauh.
1349 3017 1653 3083 (‘persever·

496 3116 620 3150 ance
643 3101 744 3150 and
782 3099 908 3149 saith
942 3099 1150 3149 evinced
1181 3099 1249 3164 by
1271 3099 1357 3150 the
1380 3100 1534 3150 brave
1567 3114 1653 3148 en-

1748 2853 1918 2919 jected
1938 2855 2007 2919 by
2024 2871 2055 2904 a
2075 2855 2254 2906 render
2274 2853 2333 2905 of
2351 2854 2451 2905 this
2472 2855 2785 2904 translation.

1826 2938 1899 2988 18.
1947 2939 2020 2987 ‘si
2038 2939 2229 2987 iustum
2248 2936 2350 2998 est,’
2372 2937 2486 2998 δῖα]
2520 2939 2576 2986 τὸ
2596 2937 2697 2998 γὰρ
2725 2936 2913 2998 (εἴπερ

1754 3017 1955 3068 δίκαιον’
1990 3020 2140 3080 φησιν
2180 3019 2338 3080 ἐἴγε
2370 3016 2581 3068 δίκαιον)
2647 3018 2710 3067 Si
2744 3025 2913 3066 tamen

1752 3100 1796 3150 is
1833 3101 1887 3149 in
1928 3116 2020 3150 our
2051 3099 2355 3150 translator’s
2386 3103 2584 3150 version
2619 3100 2680 3150 of
2706 3101 2756 3150 S.
2790 3100 2915 3149 Paul

495 3183 715 3233 durance
738 3183 797 3232 of
811 3180 1110 3245 suffering’).

562 3279 609 3328 9.
680 3263 1159 3325 demonstr-affl]
1232 3264 1388 3324 Text„
1442 3268 1653 3314 “osten-

496 3343 737 3405 tamen'’;
785 3345 1055 3405 Ambrstr.,
1105 3344 1281 3410 Vulg.‚
1333 3345 1436 3394 “in
1486 3361 1651 3394 exem·

495 3424 687 3493 plum.''

569 3505 645 3556 16.
712 3507 792 3556 his
812 3507 904 3572 qui
929 3506 1178 3556 tribulant
1198 3523 1286 3556 uos
1306 3506 1447 3568 retr]
1478 3506 1650 3570 Vulg.,

503 3589 930 3638 “tribulationem
972 3588 1051 3638 his
1096 3590 1183 3654 qui
1224 3603 1316 3638 uos
1362 3585 1653 3636 tribulant.”

497 3671 606 3721 Our
629 3671 912 3729 translator,
930 3670 1053 3719 with
1075 3669 1160 3720 the
1179 3669 1244 3719 Ο.
1263 3670 1344 3727 L.,
1360 3669 1543 3719 retains
1565 3669 1653 3719 the

496 3753 645 3802 order
665 3752 724 3801 of
739 3753 825 3801 the
839 3751 942 3801 Gk.
961 3751 1417 3814 Retn‘bulationem,
1438 3749 1604 3799 which
1623 3751 1651 3799 1

496 3835 626 3884 have
668 3833 888 3897 adopted
923 3832 1052 3881 from
1090 3833 1161 3893 H,
1205 3833 1378 3882 recalls
1416 3831 1502 3881 the
1541 3847 1651 3881 ren-

498 3916 676 3981 dering
699 3916 750 3964 in
779 3915 911 3966 Iren.
947 3925 1024 3964 lv.
1057 3925 1136 3976 27,
1169 3915 1196 3974 ἓ
1230 3932 1262 3975 4
1303 3911 1652 3976 (“retribuere

496 3999 872 4048 retributionem
886 3996 954 4062 ”),
998 3997 1098 4046 and
1137 3995 1350 4061 perhaps
1394 3995 1561 4059 points
1597 4003 1653 4044 to

499 4080 586 4129 the
616 4078 828 4143 original
863 4078 1071 4141 reading
1102 4076 1268 4136 there3
1303 4092 1335 4125 a
1369 4076 1464 4125 few
1496 4091 1651 4141 pages

499 4159 689 4211 further
733 4176 800 4209 on
847 4161 930 4223 (33
963 4160 991 4218 5
1035 4159 1115 4219 ιι)
1149 4159 1235 4208 the
1278 4159 1516 4223 interpres
1556 4158 1649 4208 has

496 4243 650 4308 given
717 4247 749 4270 “
767 4239 1192 4292 tribulationem.”
1317 4241 1651 4291 Retribulatio

497 4339 658 4376 seems
681 4331 734 4374 to
763 4325 828 4375 be
857 4325 1069 4375 without
1098 4323 1328 4389 example
1361 4323 1647 4382 elsewhere,

497 4408 587 4459 but
628 4407 726 4458 will
756 4406 976 4472 scarcely
995 4422 1062 4457 on
1093 4405 1201 4457 that
1231 4411 1442 4457 account
1479 4405 1543 4456 be
1574 4421 1651 4456 re·

1752 3179 1839 3229 the
1868 3180 2063 3243 regular
2096 3179 2381 3244 equivalent
2406 3179 2467 3228 of
2494 3181 2612 3240 εἴγε,
2642 3179 2756 3230 Gal.
2780 3179 2849 3228 iii.
2880 3199 2912 3242 4

1752 3261 1906 3325 being
1936 3261 2023 3310 the
2049 3261 2168 3324 only
2197 3261 2477 3326 exception.
2548 3261 2609 3310 In
2640 3260 2739 3310 this
2769 3263 2912 3326 place

1751 3343 1816 3393 he
1861 3345 1952 3394 has
1990 3344 2227 3394 followed
2266 3345 2352 3394 the
2400 3344 2552 3394 Latin
2589 3344 2814 3394 versions
2857 3344 2911 3393 in

1752 3427 1991 3492 allowing
2024 3427 2063 3477 it
2102 3435 2157 3478 to
2195 3429 2341 3478 stand
2386 3427 2464 3477 for
2500 3430 2651 3488 εἴπερ,
2696 3429 2785 3478 but
2826 3427 2911 3476 the

1751 3517 2019 3570 comment,
2074 3509 2242 3559 which
2284 3509 2456 3574 brings
2506 3510 2735 3574 together
2778 3510 2912 3568 εἴπερ

1752 3591 1854 3640 and
1906 3593 2026 3651 εἴγε,
2070 3591 2162 3640 has
2200 3592 2486 3656 compelled
2523 3591 2629 3640 him
2670 3599 2724 3640 to
2763 3591 2910 3640 relin-

1751 3669 1898 3734 quish
1940 3670 2038 3719 this
2074 3671 2354 3735 rendering.
2424 3670 2507 3721 On
2553 3673 2639 3721 the
2676 3671 2914 3734 meaning

1751 3751 1810 3800 of
1844 3753 1947 3812 εἴγε
1980 3767 2063 3802 see
2104 3765 2139 3802 1.
2180 3768 2233 3817 p.
2274 3764 2383 3815 172,
2423 3752 2456 3803 1.
2508 3767 2583 3817 13,
2623 3761 2770 3813 note;
2809 3753 2911 3802 and

1750 3831 1872 3880 with
1903 3829 2044 3881 Th.’s
2082 3832 2282 3881 remark
2311 3848 2379 3881 on
2408 3833 2713 3894 elz-ep-:elye
2732 3831 2787 3881 in
2810 3831 2911 3881 this

1750 3929 1975 3979 passage,
2020 3914 2085 3965 cf.
2132 3915 2339 3978 Chrys.:
2387 3915 2445 3963 τὸ
2492 3915 2657 3976 εἴπερ
2699 3915 2911 3963 ἐνταῦθα

1750 3996 1854 4044 ἀντὶ
1877 3997 1963 4046 τοῦ
1984 3997 2233 4061 ἐπείπερ
2254 3997 2423 4046 κεῖται.
2463 3997 2640 4047 Thdt.:
2663 3999 2721 4047 τὸ
2746 3999 2911 4060 εἴπερ

1749 4071 1833 4125 οὐκ
1862 4077 1945 4126 ἐπὶ
1984 4077 2279 4139 ἀμφιβολίας
2314 4077 2539 4137 τέθεικεν,
2570 4075 2685 4126 ἀλλ’
2716 4079 2799 4127 ἐπὶ
2827 4080 2909 4140 βε-

1746 4159 2008 4221 βαιώσεως·
2038 4160 2118 4208 καὶ
2138 4160 2237 4222 γὰρ
2258 4159 2393 4219 ἡμεῖς
2414 4161 2649 4217 εἰώθαμεν
2666 4161 2909 4225 ἰσχυριζό-

1745 4256 1881 4298 μενοι
1918 4241 2103 4301 λέγειν·
2146 4243 2161 4266 ‘
2180 4242 2314 4302 εἴπερ
2350 4239 2460 4290 τόδ’
2501 4240 2711 4301 omneis)
2742 4240 2908 4304 ὥσπερ

1748 4325 1830 4373 οὖν
1846 4324 2039 4384 ἀληθές.
2086 4323 2350 4390 Pelagius:
2387 4325 2517 4375 “hic
2538 4326 2588 4374 si
2604 4331 2770 4375 tamen
2788 4341 2905 4377 con-

1747 4404 1990 4457 firmantis
2012 4422 2175 4457 sermo
2198 4413 2289 4464 est,
2312 4422 2416 4457 non
2439 4405 2769 4458 dubitantis.”
