3250 5025
504 392 633 458 234

1170 388 1631 442 THEODORUS
1677 387 2262 442 MOPSUESTENUS

2620 376 2698 461 [Ι.
2741 394 2920 459 1--4

502 558 903 625 contrarium
935 568 1053 623 aut
1082 558 1225 642 ipse
1254 561 1526 623 doceret
1568 569 1686 623 aut
1727 559 1893 622 alios
1933 567 2272 640 pateretur
2309 559 2646 626 docentes.
2732 561 2921 625 deni-

502 683 634 745 que
692 674 761 727 et
808 663 1091 727 multam
1147 665 1656 728 similitudinem
1719 663 1887 727 haec
1945 664 2230 745 epistola
2277 666 2362 728 ad
2425 664 2607 729 illam
2659 666 2924 730 uidetur

500 766 749 830 habere
788 766 1182 848 epistolam;
1227 787 1383 830 nam
1426 776 1494 830 et
1538 786 1672 829 una
1719 787 1919 830 causa
1963 776 2106 829 erat
2149 786 2271 848 pro
2315 788 2450 849 qua
2491 778 2560 831 et
2599 768 2685 831 ad
2719 769 2920 832 istum

502 880 572 933 et
616 872 700 935 ad
750 869 935 932 illum
978 869 1325 933 scribebat.
1415 867 1661 932 differri
1705 888 1865 932 uero
1906 867 2031 931 sibi
2075 869 2399 951 epistolae
2445 871 2757 934 uidentur
2795 870 2924 934 hac

439 990 471 1057 5
504 974 646 1038 sola
676 974 932 1037 ratione
963 993 1096 1055 qua
1127 972 1488 1036 Timotheo
1520 972 1718 1037 latius
1749 984 1818 1037 et
1859 972 2116 1036 cautius
2158 974 2244 1037 de
2275 975 2586 1038 omnibus
2618 974 2922 1057 scripsit;

504 1078 571 1140 in
602 1077 728 1141 hac
760 1095 917 1140 vero
948 1075 1233 1157 epistola
1263 1095 1466 1157 quam
1514 1076 1601 1139 ad
1641 1075 1874 1139 Titum
1931 1075 2270 1140 direxerat
2315 1077 2792 1160 compendiose
2839 1079 2926 1143 de

502 1181 811 1244 omnibus
844 1181 1024 1243 uisus
1055 1190 1156 1243 est
1186 1177 1574 1262 explicasse.

632 1284 953 1367 epistolae
1003 1286 1314 1368 equidem
1365 1294 1837 1367 argumentum
1899 1283 1966 1347 in
2025 1283 2130 1347 his
2178 1284 2498 1348 consistit.
2585 1305 2714 1367 ego
2766 1305 2924 1348 uero

502 1388 1067 1469 praedicationem
1100 1389 1185 1453 de
1216 1388 1491 1471 singulis
1524 1387 1845 1470 arripiens
1885 1388 2362 1470 compendiose
2401 1408 2552 1452 eam
2585 1388 2924 1471 explicare

398 1508 479 1558 10
502 1488 890 1570 adnitebor;
937 1492 1141 1555 moris
1174 1491 1503 1573 siquidem
1551 1493 1758 1555 nostri
1801 1501 1904 1555 est
1951 1500 2024 1554 ut
2057 1511 2192 1554 non
2235 1493 2543 1556 absolute
2575 1491 2923 1575 prolonge-

504 1614 651 1657 mus
696 1596 1164 1674 narrationem,
1207 1597 1479 1678 quando
1521 1596 1923 1659 sufficienter
1965 1616 2198 1659 sensus
2239 1596 2538 1661 ueritatis
2585 1596 2652 1659 in
2694 1594 2924 1677 paucis

500 1698 746 1781 poterit
775 1697 1113 1781 explicari.

628 1842 889 1907 Paulus
943 1863 1173 1906 seruus
1227 1840 1373 1919 Dei,
1434 1841 1752 1923 apostolus
1807 1850 2026 1904 autem
2081 1838 2336 1906 Christi
2378 1840 2526 1904 Iesu
2576 1842 2922 1907 secundum

480 1944 691 2030 fidem
736 1946 1069 2010 electorum
1112 1945 1246 2009 Dei
1291 1955 1354 2009 et
1392 1944 1810 2029 cognitionem
1863 1944 2170 2009 ueritatis
2205 1966 2368 2028 quae
2409 1945 2754 2010 secundum
2781 1946 2922 2030 pie-

398 2062 469 2131 15
502 2060 698 2113 tatem
728 2060 837 2126 est,
868 2048 939 2113 in
967 2060 1073 2131 spe
1102 2050 1278 2112 uitae
1306 2058 1602 2111 aeternae
1643 2068 1840 2130 quam
1870 2048 2186 2129 promisit
2223 2048 2284 2111 is
2310 2047 2429 2130 qni
2454 2069 2580 2111 non
2612 2049 2925 2113 mentitur

498 2152 683 2217 'Deus
730 2164 882 2218 ante
932 2164 1215 2236 tempora
1270 2162 1552 2229 aeterna,
1618 2151 2078 2234 manifestauit
2131 2172 2284 2217 uero
2343 2152 2731 2233 temporibus
2784 2153 2926 2216 suis

500 2257 767 2321 uerbum
797 2278 989 2321 suum
1022 2256 1093 2319 in
1123 2256 1605 2338 praedieatione
1620 2278 1652 2330 ,·
1695 2255 1873 2339 quod
1899 2255 2214 2319 creditum
2253 2264 2348 2319 est
2385 2254 2555 2319 milti
2579 2255 2922 2319 secundum

500 2362 847 2445 imperium
892 2360 1249 2426 saluatoris
1297 2360 1509 2424 nostri
1554 2358 1706 2425 Dei.
1806 2359 1953 2423 Tito
2008 2357 2346 2425 carissimo
2379 2358 2534 2442 filio
2573 2359 2922 2423 secundum

1184 2515 1215 2560 4
1248 2494 1447 2546 differre
1474 2496 1571 2546 Cr

1020 2595 1075 2629 11
1114 2578 1271 2628 sensis
1298 2577 1369 2627 C·
1392 2579 1462 2627 Η

606 2514 626 2550 ι
664 2498 845 2549 docere
870 2496 931 2548 H

506 2598 569 2634 10
599 2582 800 2631 adnitar
820 2599 853 2630 r

506 2661 567 2714 16
598 2663 797 2714 saecula
821 2661 938 2725 (sor
957 2661 1135 2724 temp.)
1159 2675 1192 2708 r
1212 2657 1224 2724 Ι
1253 2666 1421 2708 autem
1446 2656 1563 2723 (fhr
1582 2658 1723 2716 uero)
1747 2671 1781 2705 r

503 2745 619 2809 (for
636 2744 929 2804 secundum)
954 2759 985 2791 r

500 2857 569 2920 [c.
624 2855 678 2904 ii.
726 2871 779 2906 11
828 2851 948 2918 sq.],
1002 2850 1093 2911 τὴν
1134 2851 1313 2910 ταύτης
1356 2850 1514 2898 αἰτίαν
1556 2847 1660 2898 ἑπι-

502 2937 700 2986 δεικνύς.

568 3033 617 3066 ⁴2.
674 3015 887 3066 multam
901 3012 1296 3071 similitudinem,
1326 3009 1441 3072 &c.]
1472 3009 1658 3075 Comp.

500 3112 539 3150 1.
568 3115 653 3164 pp.
689 3111 781 3158 ¹13
808 3113 901 3162 sq.,
932 3099 1042 3146 280.
1116 3095 1165 3144 It
1196 3095 1303 3144 will
1332 3096 1397 3144 be
1418 3092 1660 3144 observed

501 3183 613 3232 that
635 3181 735 3230 Th.
766 3181 929 3230 draws
958 3178 1087 3227 from
1122 3177 1263 3227 these
1296 3176 1661 3226 resemblances

502 3281 570 3315 no
593 3263 865 3314 inferences
887 3260 945 3311 of
952 3277 983 3312 a
1003 3259 1377 3324 chronological
1402 3259 1545 3320 kind,
1568 3259 1658 3308 but

502 3347 555 3396 in
600 3346 723 3396 each
752 3361 866 3394 case
900 3343 1161 3392 attributes
1194 3341 1279 3391 the
1312 3341 1574 3404 similarity
1606 3349 1661 3390 to

501 3428 589 3479 the
632 3425 823 3476 similar
866 3425 1249 3474 circumstances
1292 3421 1453 3470 under
1494 3420 1661 3472 which

503 3512 590 3562 the
613 3509 833 3575 Epistles
855 3522 985 3556 were
1007 3507 1222 3557 written.

569 3612 616 3655 4.
686 3589 885 3655 differri
912 3587 1025 3648 sibi]
1072 3587 1122 3635 A
1168 3586 1269 3636 late
1300 3583 1656 3643 construction,

502 3691 609 3725 exc.
636 3673 688 3722 in
710 3679 903 3738 poetry.
972 3667 1193 3733 Differri
1200 3687 1245 3710 =
1256 3668 1587 3728 διαφέρεσθαι.

575 3771 647 3807 ro.
712 3750 985 3813 adm‘tebor]
1050 3749 1129 3801 Cf.
1171 3761 1235 3800 ιι.
1278 3764 1329 3815 p.
1376 3763 1483 3814 193.
1528 3747 1561 3798 l.
1606 3762 1657 3813 9,

502 3847 640 3889 note.

569 3916 724 3968 moris
778 3913 1017 3980 siquidem
1076 3912 1239 3961 nostri
1286 3916 1369 3969 est,
1430 3909 1543 3974 δια]
1610 3910 1662 3960 A

502 4003 654 4054 claim
692 4007 783 4049 not
824 3983 1011 4060 alitr‘ays
1054 3994 1417 4044 substantiated
1464 3993 1529 4058 by
1572 4009 1667 4042 our

503 4083 722 4136 author's
748 4081 875 4146 style
910 4076 968 4141 (ι.
1004 4095 1053 4143 p.
1078 4077 1200 4128 lxiii.
1240 4078 1357 4142 sq.),
1394 4092 1453 4125 or
1486 4077 1553 4140 by
1586 4075 1665 4126 his

504 4171 769 4218 treatment
802 4163 861 4211 of
886 4158 1130 4210 doctrina]
1154 4159 1372 4222 subjects
1402 4157 1578 4222 falling
1610 4157 1663 4206 in

506 4244 628 4294 with
649 4243 727 4292 his
750 4257 863 4290 own
888 4239 989 4288 line
1010 4237 1069 4287 os
1076 4237 1307 4301 thought.
1338 4236 1414 4286 As
1430 4251 1495 4284 an
1514 4251 1663 4298 expo-

502 4326 639 4384 sitor,
676 4324 925 4380 however,
966 4319 1065 4368 Th.
1104 4317 1172 4380 (1)
1204 4318 1247 4368 is
1284 4317 1385 4367 sree
1414 4315 1543 4366 from
1567 4331 1666 4380 any

504 4408 750 4468 tendency
784 4411 837 4452 to
870 4399 1099 4458 rhetoric,
1136 4399 1237 4448 and
1270 4399 1342 4460 (α)
1386 4397 1666 4461 studiously

504 4489 679 4546 avoids
722 4487 808 4536 the
846 4500 980 4533 mere
1018 4481 1249 4532 iteration
1292 4481 1352 4530 os
1389 4481 1661 4545 exegetical

1807 2492 1841 2544 6
1873 2492 2066 2543 dixerat
2093 2491 2164 2543 C*
2186 2491 2256 2543 Η
2487 2506 2520 2557 9
2557 2493 2844 2557 precatione
2865 2494 2935 2543 Η

1620 2591 1680 2638 ι4
1714 2575 2064 2639 cognationem
2093 2572 2164 2623 C*
2187 2574 2255 2623 H
2271 2571 2281 2637 Ι
2311 2581 2386 2623 est
2409 2573 2546 2624 iuxta
2567 2589 2617 2638 p.
2647 2589 2750 2638 spe,
2779 2575 2870 2624 διο.
2895 2591 2928 2624 r

1977 2669 2034 2717 17
2069 2669 2200 2718 quae
2221 2653 2410 2704 credita
2431 2660 2505 2702 est
2527 2668 2560 2701 r
2693 2654 2753 2702 18
2785 2653 2922 2702 iuxta

1757 2852 1956 2902 matter,
1991 2845 2256 2910 regarding
2290 2843 2368 2892 his
2393 2840 2775 2892 commentaries
2803 2856 2858 2890 as
2890 2856 2922 2890 a

1758 2927 2034 2976 connected
2079 2925 2259 2986 whole,
2303 2923 2752 2988 notwithstanding
2795 2923 2923 2973 their

1757 3007 1967 3072 gradual
1989 3007 2320 3071 composition
2345 3007 2403 3067 (1.
2427 3021 2478 3071 p.
2507 3006 2610 3055 lxii.
2637 3008 2756 3071 sq.).

1831 3107 1850 3142 1
1859 3107 1908 3156 3.
1978 3092 2171 3143 Chris-ti
2189 3091 2323 3154 Iesu]
2371 3091 2442 3141 So
2463 3091 2633 3148 Fuld„
2657 3091 2923 3153 Cassiod.;

1759 3174 1938 3239 Chrys.
1955 3176 2056 3226 and
2073 3174 2229 3225 Thdt.
2247 3176 2363 3240 give
2387 3173 2550 3234 Ἰησοῦ
2569 3173 2798 3234 Χριστοῦ,
2818 3175 2920 3224 and

1760 3257 1846 3307 the
1881 3257 2030 3306 latter
2063 3257 2106 3306 is
2141 3255 2226 3305 the
2269 3255 2416 3304 order
2454 3254 2688 3304 followed
2725 3256 2792 3320 by
2837 3256 2922 3307 the

1761 3346 1900 3404 great
1935 3337 2168 3402 majority
2208 3335 2268 3386 of
2296 3337 2383 3386 the
2421 3335 2570 3386 Latin
2609 3336 2915 3388 authorities

1769 3423 2119 3486 Cognitionem,
2173 3435 2230 3470 so
2299 3419 2477 3476 Hier.;
2515 3418 2668 3484 Vulg.
2731 3421 2923 3484 “agni-

1761 3503 2002 3555 tionem.'’
2043 3506 2098 3554 Is
2110 3504 2314 3568 quinon
2331 3502 2636 3562 mentitur&
2659 3499 2924 3566 ἀψευδής);

1761 3584 2002 3648 similarly
2056 3585 2256 3644 Ambr.,
2305 3583 2453 3648 Vulg.
2474 3602 2490 3645 ς
2543 3583 2710 3644 Hier„
2768 3584 2924 3646 Aug„

1761 3668 1795 3694 ‘⁴
1815 3681 1920 3714 non
1989 3661 2275 3722 mendax;”
2337 3663 2607 3722 Ambrstr„
2673 3668 2705 3691 ⁸⁸
2722 3660 2923 3712 uerax.”

1760 3747 1998 3803 Aeta-na,
2065 3761 2124 3796 so
2189 3745 2352 3805 Hier„
2425 3747 2558 3808 Aug.
2580 3759 2594 3802 3
2651 3744 2922 3800 Ambrstr„

1761 3829 1936 3892 vulg„
1971 3829 2006 3854 ‘⁸
2021 3827 2292 3878 saecularia
2307 3825 2337 3848 ”
2361 3825 2463 3890 (see
2485 3841 2551 3876 on
2577 3841 2604 3874 α
2630 3825 2764 3874 Tim.
2791 3824 2823 3876 i.
2847 3825 2917 3890 9).

1763 3911 1832 3960 In
1855 3909 2219 3975 praedicatione
2245 3909 2388 3972 quod,
2417 3907 2506 3957 Sto.
2525 3906 2632 3954 :h
2653 3909 2924 3968 κηρύγματι

1761 3989 1794 4042 ὃ
1817 3993 2108 4048 ἐπιστεύθην
2131 3987 2248 4050 ἐγώ.
2319 3989 2390 4040 80
2417 3989 2686 4047 Ambrstr.,
2724 3987 2812 4038 but
2835 4003 2923 4052 ap·

1763 4072 1990 4137 parently
2013 4070 2188 4134 taking
2209 4069 2414 4120 uerbum
2429 4085 2484 4118 as
2500 4068 2586 4117 the
2603 4069 2920 4118 antecedent.

1762 4154 2055 4218 Imperium,
2101 4152 2370 4210 carissimo,
2429 4165 2488 4200 so
2537 4149 2678 4200 Hier.
2699 4166 2714 4208 ς
2749 4149 2922 4214 Vulg..

1771 4232 2192 4300 “praeceptum”
2255 4231 2546 4283 “dilecta’'
2653 4231 2832 4281 Gratia
2881 4237 2929 4280 et

1753 4325 1866 4380 pax
1878 4334 1899 4374 ,·
1921 4331 1978 4366 so
2001 4317 2086 4366 the
2109 4315 2258 4365 Latin
2284 4317 2520 4365 versi-ons-
2573 4315 2752 4378 Chrys.
2775 4315 2926 4364 omits

1761 4399 1913 4454 ἔλεος,
1935 4398 2026 4448 but
2049 4397 2088 4448 it
2113 4397 2244 4448 finds
2267 4398 2410 4461 place
2432 4397 2482 4446 in
2504 4397 2592 4446 the
2615 4405 2719 4448 text
2751 4397 2810 4448 of
2839 4397 2924 4446 the

1763 4481 1907 4531 other
1929 4479 2032 4530 Gk.
2057 4485 2460 4528 commentators.
