3250 5025
305 345 356 412 1·
389 346 610 431 7—9-]

877 358 960 411 IN
1011 359 1116 411 ΕΡ.
1162 359 1265 409 AD
1311 356 2064 412 THESSALONICENSES
2111 358 2185 409 11.
2638 359 2749 427 45-

303 533 448 599 uult
479 535 657 599 enim
688 535 909 599 dicere
939 536 1095 619 quia
1127 536 1334 601 ‘iusta
1365 544 1528 601 tunc
1559 535 1818 600 ratione
1865 534 2053 600 Deus
2097 534 2247 613 illos
2293 536 2567 621 quidem
2614 540 2729 624 qui

301 636 468 701 talia
501 638 566 699 in
613 638 942 719 praesenti
975 639 1114 703 uita
1146 660 1306 721 erga
1347 660 1467 703 uos
1511 648 1862 723 gesserunt
1900 638 2147 703 subdet
2191 659 2490 722 poenae;
2536 643 2729 707 uobis

303 762 480 819 uer0,
526 760 650 822 pro
693 741 934 826 quibus
980 742 1305 825 patimini,
1350 762 1667 825 magnam
1725 741 2073 826 praebebit
2120 748 2727 811 remunerationem

302 842 665 928 largitatis?
754 854 824 909 et
854 865 1112 927 poenae
1141 844 1348 926 ipsius
1380 843 1729 929 publicans
1758 845 2041 927 ponduS,
2073 844 2236 910 dicit
2266 847 2469 913 etiam
2511 849 2728 932 qualis

301 949 392 1012 sit
423 950 752 1013 aduentus
783 948 989 1031 ipsius
1019 946 1252 1013 iudicis
1280 973 1294 1013 :

437 1102 508 1165 in
539 1100 920 1167 reuelatione
963 1100 1221 1166 domini
1258 1104 1407 1167 Iesu
1451 1101 1530 1165 de
1571 1102 1739 1167 caelo
1782 1123 1927 1167 cum
1967 1103 2218 1187 angelis
2260 1104 2533 1169 uirtutis
2569 1105 2725 1183 eius,

307 1205 683 1289 inflamma
717 1204 893 1288 zjgmls·
928 1204 1155 1268 dantis
1196 1204 1559 1268 uindictam
1593 1203 1701 1268 Itis
1738 1206 1859 1289 qui
1895 1228 2021 1270 non
2060 1219 2380 1273 nonerunt
2419 1209 2636 1275 Deum
2669 1220 2735 1277 et

305 1309 425 1393 qui
450 1330 576 1372 non
608 1308 967 1373 obaudiunt
991 1308 1321 1391 euangelio
1348 1307 1606 1372 domini
1631 1308 1843 1373 nostri
1866 1309 2035 1377 Iesu.

437 1427 797 1491 terribilem
853 1447 974 1510 per
1025 1428 1252 1491 omnia
1300 1426 1440 1489 eius
1493 1426 1861 1491 aduentum
1912 1448 2059 1492 esse
2109 1428 2421 1505 ostendit,
2473 1440 2541 1495 et
2601 1431 2730 1495 loci

307 1541 564 1609 natura,
617 1530 944 1614 siquidem
996 1531 1082 1594 de
1121 1528 1308 1593 caelo
1355 1528 1663 1607 uidetur3
1709 1540 1778 1593 et
1824 1532 2276 1597 ministrorum
2319 1534 2725 1616 fortitudine,
2762 1564 2842 1612 10

305 1654 459 1698 cum
520 1632 774 1715 angelis
847 1632 1025 1695 enim
1086 1632 1347 1695 uirtutis
1423 1641 1777 1695 uenturum
1839 1633 2041 1713 dicit3
2118 1644 2186 1697 et
2244 1643 2726 1702 tormentorum

305 1736 545 1818 specie,
577 1733 922 1798 flammam
959 1734 1136 1797 enim
1175 1734 1347 1816 ignis
1383 1734 1581 1798 dixit.
1664 1736 1982 1799 adserens
2029 1756 2187 1799 uero
2232 1745 2300 1800 et
2337 1738 2424 1801 de
2454 1737 2582 1801 illis
2611 1739 2726 1823 qui

303 1846 463 1901 sunt
500 1837 853 1901 tormentis
893 1836 1278 1915 subiciendi,
1311 1837 1406 1901 ait
1450 1857 1565 1900 eos
1604 1837 1723 1919 qui
1750 1857 1875 1899 non
1904 1845 2227 1900 nonerunt
2261 1837 2494 1917 Deu'm,
2524 1850 2589 1903 et
2614 1837 2734 1924 qui

305 1964 434 2007 non
455 1942 887 2007 obaudierunt
911 1940 1280 2023 euangeli0‚·
1312 1941 1633 2004 maiorem
1658 1949 2143 2005 tormentorum
2169 1961 2396 2004 eorum
2422 1944 2730 2025 praebuit

305 2046 789 2129 probationem.

879 2044 1208 2127 siquidem
1258 2051 1324 2106 et
1369 2042 1537 2119 illos,
1577 2043 1632 2106 si
1679 2041 2108 2106 solummodo
2139 2062 2273 2106 non
2306 2044 2729 2109 obaudierint
2763 2060 2835 2126 15

305 2153 480 2228 fidei,
514 2171 733 2235 poena
778 2157 1066 2225 maneat,
1097 2154 1352 2230 quanto
1396 2146 1611 2229 magis
1650 2146 1816 2221 illos,
1859 2146 1973 2229 qui
2015 2145 2437 2209 credentibus
2478 2136 2733 2211 calum-

309 2258 453 2320 nias
484 2256 1085 2339 impressionesque
1115 2252 1455 2336 irrogant?
1545 2250 1789 2315 deinde
1819 2260 1887 2315 et
1918 2259 2403 2315 tormentorum
2437 2252 2729 2334 speciem

306 2366 676 2442 exaggerat
706 2365 906 2440 prout
936 2357 1113 2440 potis
1144 2364 1262 2433 est,
1294 2354 1522 2418 dicens
1552 2378 1565 2416 :

437 2516 559 2601 qui
566 2527 810 2601 poenas
839 2517 1019 2580 luent
1047 2515 1350 2580 interitus
1377 2525 1683 2579 aeternos.

440 2667 598 2711 nam
644 2667 734 2711 ex
779 2645 1106 2731 qualitate
1148 2646 1294 2728 ipsa
1333 2646 1565 2728 grauia
1599 2652 1937 2708 tormenta
1983 2662 2128 2706 esse
2168 2643 2485 2722 ostendit,
2531 2642 2732 2727 siqui-
2760 2659 2846 2706 20

409 2839 438 2887 3
471 2839 563 2888 pro
584 2839 662 2872 om
691 2824 735 2874 C
755 2820 899 2888 (corr)

307 2989 527 3054 speciem
555 2988 696 3038 CUI
699 3007 730 3037 r
758 2987 766 3052 Ι
793 3005 900 3040 esse
925 2990 1038 3054 (sor
1057 2986 1209 3051 enim)
1234 3005 1267 3038 r

307 3071 558 3137 siquidem
582 3071 697 3136 (sor
716 3071 844 3135 siqu.
870 3071 940 3132 et)
966 3087 999 3119 r

383 3251 458 3286 10.
525 3241 574 3284 et
617 3234 959 3284 minis-trorum
989 3233 1308 3298 fortitudine,
1354 3231 1469 3293 δια]

313 3318 440 3368 This
464 3331 674 3382 passage
694 3315 788 3366 has
817 3315 969 3364 fallen
999 3314 1107 3364 into
1133 3314 1394 3364 confusion
1417 3313 1470 3362 in

310 3396 400 3445 the
417 3395 572 3446 MSS.
595 3395 813 3459 through
835 3411 866 3444 a
896 3394 1382 3458 misunderstanding
1403 3409 1472 3442 on

315 3476 400 3526 the
423 3485 534 3540 part
556 3475 617 3525 of
625 3475 712 3524 the
733 3475 924 3534 scribe3
948 3490 1030 3524 see
1053 3465 1144 3523 *fvj
1158 3474 1210 3524 ll.
1273 3471 1473 3523 Thdt.'s

315 3556 450 3607 close
473 3572 606 3620 copy
627 3556 793 3606 leaves
815 3571 883 3604 no
906 3556 1063 3604 doubt
1087 3571 1142 3605 as
1165 3563 1218 3604 to
1237 3554 1322 3604 the
1344 3555 1472 3604 form

315 3638 378 3688 of
404 3637 490 3687 the
512 3637 750 3701 original:
800 3637 957 3699 φόβου
986 3637 1166 3694 μεστὸν
1203 3635 1378 3694 ἔδειξεν
1415 3636 1474 3684 τὸ

316 3721 571 3783 κριτήριον,
610 3720 804 3781 πρῶτον
827 3718 917 3777 μὲν
951 3716 1036 3765 ἀπ’
1083 3713 1278 3780 οὐρανοῦ
1319 3718 1474 3776 δείξας

314 3803 705 3866 παραγενόμενον
725 3802 811 3850 τὸν
834 3801 1014 3864 κριτήν·
1050 3803 1220 3849 ἔπειτα
1249 3801 1345 3848 τῶν
1375 3801 1472 3848 δια-

314 3887 576 3934 κονούντων
606 3885 698 3942 τὴν
722 3883 1088 3942 δύναμιν...εϊτσ,
1123 3884 1210 3939 τῆς
1245 3882 1472 3942 τιμωρίας

313 3970 372 4018 τὸ
396 3967 626 4017 εἶδος...εἰ
661 3966 715 4013 δὲ
751 3965 795 4013 ol
829 3967 898 4026 μὴ
929 3965 1200 4022 πειθόμενοι
1234 3962 1306 4022 τῷ
1332 3963 1473 4023 εὐαγ-

315 4049 469 4109 γελίῳ
511 4049 668 4096 ταῦτα
715 4049 982 4102 πείσονται,
1019 4047 1222 4106 εὔδηλον
1279 4045 1338 4095 ὡς
1393 4045 1474 4093 καὶ

315 4125 668 4192 χαλεπώτερον
709 4129 1123 4191 πειρασθήσονται
1167 4129 1212 4177 ol
1255 4129 1338 4176 καὶ
1374 4128 1477 4178 τοῖς

312 4211 633 4260 πιστεύσασιν
651 4211 983 4268 πολεμοῦντες.
1047 4209 1225 4273 Chrys.
1251 4215 1478 4258 contents

317 4291 527 4342 himself
555 4291 675 4340 with
701 4291 886 4355 calling
918 4293 1165 4342 attention
1187 4298 1241 4341 to
1263 4292 1350 4341 the
1382 4291 1478 4340 last

315 4377 377 4427 of
407 4377 551 4428 these
584 4377 776 4442 points:
812 4377 856 4424 εἰ
899 4376 944 4424 ol
986 4372 1058 4435 τῷ
1101 4371 1378 4436 εὐαγγελίῳ
1408 4369 1478 4432 μὴ

315 4455 676 4514 ὑπακούσαντες
732 4456 946 4506 διδόασιν
998 4455 1248 4516 τιμωρίαν,
1305 4454 1347 4502 01
1396 4453 1476 4502 καὶ

1161 2825 1192 2873 8
1227 2822 1416 2884 Christi
1441 2822 1541 2886 (ast
1560 2821 1697 2884 Iesu)
1720 2822 1826 2871 add
1841 2837 1874 2871 r

306 2907 534 2957 tudinem
561 2907 703 2958 C‘H
757 2907 879 2957 min.
902 2907 1005 2957 uid.
1031 2907 1269 2957 fortitudo
1293 2923 1354 2956 r:
1386 2912 1468 2955 txt
1494 2906 1539 2955 C
1559 2906 1708 2966 (corr)

1401 3003 1460 3051 13
1492 2985 1779 3037 subiecendi
1797 2985 2005 3048 [subiac.
2035 2987 2082 3046 r]
2117 2993 2203 3035 aut
2224 3001 2311 3036 eos
2338 2985 2410 3035 C*
2426 3002 2461 3036 r
2514 3025 2521 3032 .

1129 3071 1188 3120 18
1221 3075 1402 3134 potens
1424 3084 1470 3118 e.
1494 3069 1562 3118 H
1620 3073 1785 3133 potest
1808 3082 1841 3116 r

2136 2836 2196 2871 10
2229 2821 2349 2873 min.
2378 2821 2573 2872 uidetur
2593 2821 2732 2873 forti·

1878 2918 1932 2954 11
1970 2919 2142 2953 eorum
2167 2905 2281 2968 (for
2298 2903 2451 2968 enirn)
2475 2921 2509 2954 r
2674 2920 2731 2954 η

1973 3081 2033 3132 19
2065 3067 2119 3115 in
2144 3063 2249 3131 (bes
2256 3065 2368 3130 int.)
2393 3067 2499 3116 add
2520 3067 2564 3118 C
2583 2993 2734 3131 (16507ξῖ

1569 3233 1695 3293 μετὰ
1716 3231 1803 3282 τοῦ
1822 3229 1891 3293 μὴ
1912 3231 2183 3282 ὑπακοῦσαι
2202 3232 2452 3295 θλίβοντες
2472 3229 2598 3292 ὑμᾶς
2616 3232 2667 3281 τί
2681 3233 2737 3281 οὔ

1572 3314 1824 3363 πείσονται
1845 3331 1861 3374 3

1644 3407 1717 3443 12.
1770 3393 2047 3458 flammam
2080 3393 2213 3442 enim
2246 3391 2379 3456 {gnie
2412 3390 2572 3454 dilm't]
2628 3391 2727 3442 Th.

1571 3490 1749 3534 seemS‚
1798 3474 1923 3525 with
1975 3474 2135 3523 Thdt.
2176 3471 2417 3537 (comm),
2480 3473 2625 3534 Oce„
2679 3481 2734 3524 to

1569 3555 1702 3605 have
1719 3555 1837 3604 read
1862 3557 1913 3604 ἐν
1932 3555 2087 3616 φλογὶ
2108 3553 2271 3613 πυρός,
2307 3553 2445 3604 since
2461 3554 2563 3603 this
2580 3555 2730 3603 order

1573 3635 1616 3686 is
1640 3636 1877 3700 repeated
1906 3634 1959 3684 in
1974 3634 2065 3686 his
2086 3641 2358 3684 comment.
2430 3633 2609 3699 Chrys,
2640 3635 2733 3686 has

1571 3719 1625 3767 ἐν
1650 3719 1762 3779 πυρὶ
1785 3712 1985 3778 φλογός.

1644 3813 1725 3863 19:
1788 3800 2024 3848 inleritus
2044 3796 2283 3858 aeternos]
2317 3796 2515 3860 ὄλεθρον
2528 3798 2733 3847 αἰώνιον.

1571 3880 1684 3930 The
1708 3881 1771 3930 O.
1793 3881 1850 3930 L.
1881 3881 1941 3930 of
1958 3875 2160 3929 Iren.¹²‘·
2178 3879 2280 3929 and
2301 3879 2437 3928 Tert.
2457 3879 2733 3930 connected

1574 3959 1761 4010 αἰώνιον
1806 3959 1930 4010 with
1976 3961 2123 4020 δίκην,
2174 3959 2273 4008 and
2319 3973 2375 4008 so
2419 3957 2505 4008 the
2549 3959 2733 4024 Vulg.;

1575 4042 1849 4102 Ambrstr.‚
1875 4040 2123 4098 however,
2152 4039 2243 4089 has
2277 4041 2516 4103 “poenas
2537 4039 2732 4090 soluent

1575 4125 1630 4174 in
1653 4125 1906 4174 interitum
1931 4121 2240 4174 aeternum.”
2265 4124 2315 4173 It
2334 4123 2437 4172 will
2450 4123 2513 4172 be
2530 4124 2731 4174 noticed

1578 4207 1687 4256 that
1735 4221 1827 4254 our
1872 4203 2135 4254 translator
2176 4219 2289 4252 uses
2333 4202 2419 4252 the
2451 4202 2615 4266 plural
2652 4203 2733 4252 in-

1577 4289 1753 4338 teritus
1774 4287 1921 4351 again
1946 4287 1998 4336 in
2022 4287 2107 4336 the
2130 4301 2311 4335 comm.
2340 4284 2410 4350 (p.
2436 4285 2514 4346 46,
2543 4286 2578 4334 1.
2600 4287 2665 4346 1).

1637 4386 1727 4430 jao.
1793 4369 2049 4434 siquidem,
2096 4367 2213 4428 &c.]
2270 4373 2283 4395 ⁴
2305 4367 2456 4416 Since
2493 4367 2579 4417 the
2621 4366 2731 4417 des-

1577 4451 1795 4502 truction
1849 4451 1894 4500 is
1943 4466 2041 4500 one
2088 4449 2254 4499 which
2304 4447 2735 4513 instantaneously
