3250 5025
362 353 458 432 18,
501 352 625 437 19]

1067 368 1149 418 IN
1201 366 1304 419 ΕΡ.
1352 368 1453 417 AD
1504 366 2031 419 PHILEMONEM.

2646 350 2770 431 283

356 540 630 623 recipiat
674 541 1007 624 apostoli;
1054 545 1395 626 quomodo
1442 543 1639 609 enim.
1669 542 1806 607 fieri
1853 551 2119 626 poterat
2150 549 2225 607 ut
2254 541 2384 606 hoc
2415 538 2773 605 suaderet?

354 644 471 707 sed
522 654 598 708 ut
651 645 848 723 dicat,
898 654 1015 711 ‘eo
1046 649 1224 730 quod
1280 668 1407 731 ego
1452 668 1607 711 eum
1662 648 1878 730 recepi
1928 647 2144 729 recipe
2187 654 2256 710 et
2302 654 2393 722 tu,
2441 645 2495 707 si
2544 653 2774 707 tamen

352 749 735 812 communia
789 751 981 814 nobis
1027 752 1253 817 omnia
1289 772 1433 816 esse
1470 750 1856 816 existimas?

354 862 423 917 et
452 853 865 917 satisfaciens
896 853 1099 918 dicit:

1949 760 2018 839 et
2063 751 2303 815 iterum
2351 769 2473 832 pro
2515 747 2775 811 delictis

483 1002 548 1067 si
572 1013 791 1067 autem
818 1003 989 1087 quid
1009 1004 1225 1069 nocuit
1252 1014 1311 1069 te
1336 1014 1461 1068 aut
1485 1004 1736 1069 debitor
1761 1015 1870 1082 est,
1901 1004 2014 1068 hoc
2043 1004 2213 1069 milti
2240 1003 2506 1086 imputa.

484 1129 613 1193 hoc
660 1139 779 1207 est,
829 1135 909 1194 ‘a
956 1152 1062 1194 me
1106 1133 1306 1215 exige
1353 1132 1499 1198 illa.’
1589 1141 1658 1196 et
1703 1131 2065 1196 ostendens
2109 1131 2428 1215 quoniam
2475 1149 2609 1194 non
2658 1127 2776 1192 ab·

354 1231 573 1297 solute
604 1234 733 1297 ista
762 1235 1093 1299 scribens:

482 1396 595 1458 ego
622 1376 882 1441 Paulus
908 1377 1141 1461 scripsi
1168 1399 1369 1441 manu
1401 1398 1562 1459 mea,
1594 1398 1708 1461 ego
1739 1377 2032 1443 reddam.

488 1498 793 1580 promisit
854 1520 926 1562 se
986 1498 1419 1578 redditurum,
1479 1501 1694 1564 sciens
1754 1498 2070 1583 quoniam
2143 1497 2432 1562 dominis
2487 1496 2777 1580 reposita

354 1609 458 1665 est
509 1600 693 1683 apud
748 1602 973 1665 Deum
1024 1622 1274 1667 merces
1328 1606 1603 1687 copiosa
1650 1622 1772 1685 pro
1824 1601 1938 1667 illa
1998 1601 2304 1665 bonitate
2352 1621 2556 1685 quam
2617 1621 2777 1683 erga
2812 1614 2890 1662 10

354 1723 583 1767 seruos
628 1725 784 1768 suos
828 1715 1159 1783 exercent,
1206 1714 1274 1771 et
1322 1707 1619 1771 maxime
1671 1704 2002 1788 siquando
2053 1703 2594 1787 delinquentibus
2647 1704 2778 1767 illis

356 1808 621 1871 ueniam
669 1810 959 1873 tribuere
1012 1810 1361 1875 noluerint.

1453 1820 1522 1875 et
1581 1809 1944 1875 ostendens
1995 1808 2316 1891 quoniam
2378 1826 2513 1869 non
2575 1806 2778 1869 debet

355 1912 687 1978 haesitare
718 1912 804 1975 de
833 1913 1191 1977 tribuenda
1220 1912 1601 1977 huiusmodi
1634 1913 1886 1995 gratia:

487 2073 565 2126 ut
590 2084 715 2126 non
748 2062 960 2126 dicam
992 2062 1117 2126 tibi
1138 2062 1449 2145 quoniam
1480 2063 1751 2145 tezpsum
1787 2059 1959 2125 milei
1985 2059 2183 2124 debeS.

486 2194 596 2252 ‘et
624 2188 792 2253 haec
832 2190 1105 2273 quidem
1152 2192 1495 2274 promitt0,
1527 2191 1746 2255 sciens
1781 2190 2103 2273 quoniam
2149 2196 2218 2252 et
2260 2188 2403 2271 ipse
2447 2187 2774 2271 percipies
2814 2202 2884 2271 15

356 2313 477 2375 per
507 2292 635 2357 Dei
670 2294 1187 2358 misericordiam
1220 2295 1527 2378 copiosas
1570 2293 1913 2357 mercedes
1958 2313 2081 2375 pro
2112 2312 2192 2355 ea
2230 2292 2536 2355 bonitate
2571 2312 2776 2375 quam

358 2417 519 2479 erga
556 2396 763 2461 istum
795 2418 972 2462 nunc
1005 2419 1362 2477 exerceas;
1408 2406 1478 2462 te
1514 2407 1742 2462 autem
1774 2398 2088 2460 conuenit
2119 2395 2414 2479 cogitare
2459 2395 2776 2478 quoniam

357 2512 425 2565 et
465 2509 685 2566 totum
724 2510 791 2566 te
823 2501 984 2565 mihi
1017 2501 1241 2578 debeS,
1277 2501 1431 2566 licet
1464 2521 1588 2584 ego
1620 2521 1755 2565 non
1788 2499 2044 2565 dicam!

356 2606 797 2669 sectationem
830 2626 976 2669 sese
1006 2616 1274 2669 uertens
1306 2606 1511 2670 adicit
1538 2627 1551 2668 :

455 2774 484 2823 3
518 2759 889 2810 existimansll
906 2757 916 2824 Ι
941 2775 1011 2825 sq.
1034 2767 1085 2809 et
1108 2759 1561 2810 iterum...reddam
1584 2774 1662 2808 om
1684 2775 1719 2807 r
1741 2757 1752 2824 Ι
1781 2756 2060 2808 dilectisH

984 2859 1045 2893 10
1067 2858 1181 2892 eum
1199 2840 1312 2905 (for
1324 2841 1509 2902 Deum)
1530 2840 1608 2891 C*

358 2841 390 2890 8
424 2857 537 2891 mea
552 2858 703 2891 manu
726 2843 795 2890 H

358 2924 482 2973 mihi
512 2924 729 2989 teipsum
751 2941 783 2972 r

1090 2939 1147 2988 15
1184 2924 1465 2989 percipiens
1487 2925 1556 2972 H

2133 2506 2202 2563 et
2243 2500 2483 2564 iterum
2525 2497 2613 2562 ad
2659 2498 2776 2564 ob-

2292 2767 2318 2818 7
2353 2755 2535 2806 scribat
2558 2755 2603 2805 C
2627 2756 2778 2817 (corr)

1811 2852 1870 2904 13
1905 2848 1980 2890 αἱ
1997 2837 2093 2904 (ast
2105 2836 2286 2903 gratia)
2302 2839 2408 2888 add
2421 2839 2531 2888 CH
2720 2855 2779 2901 14

1883 2937 1942 2986 17
1976 2937 2096 2988 ergo
2125 2935 2228 2970 non
2258 2921 2411 2971 istum
2441 2937 2672 2971 exerceas
2699 2920 2778 2972 C·

358 3021 478 3069 erga
500 3005 648 3055 istum
670 3021 871 3056 exerces
896 3006 941 3056 C
960 3003 1107 3070 (corr)
1213 3021 1332 3071 erga
1354 3021 1457 3056 non
1482 3005 1631 3056 istum
1653 3021 1853 3056 exerces
1872 3005 1941 3054 H
2030 3019 2148 3068 erga
2169 3004 2319 3053 istum
2341 3019 2474 3072 nunc
2496 3018 2728 3055 exercens
2752 3018 2783 3051 r

366 3090 424 3138 18
447 3104 517 3153 sq.
545 3095 595 3138 et
617 3087 917 3138 iterum...in
942 3089 1165 3139 Domino
1186 3105 1265 3137 om
1288 3105 1322 3138 r

358 3229 471 3280 The
493 3230 618 3281 view
650 3231 815 3282 which
848 3232 944 3283 Th.
984 3233 1274 3297 deprecates
1306 3247 1519 3296 appears

359 3309 411 3360 in
436 3311 687 3361 Ambrstr.
717 3314 770 3372 (“
788 3319 981 3362 tantum
1004 3328 1057 3362 se
1080 3313 1311 3361 affectum
1336 3312 1520 3361 habere

360 3391 492 3441 circa
514 3392 811 3442 Onesimum
838 3393 1074 3455 ostendit,
1112 3400 1166 3443 ut
1200 3400 1318 3442 tunc
1354 3392 1518 3442 Phile-

361 3474 925 3539 monem...participem
947 3489 1090 3524 suum
1114 3474 1263 3533 dicat,
1296 3472 1339 3522 si
1372 3472 1522 3522 istum

360 3555 433 3604 sic
468 3555 739 3620 susceperit
772 3555 899 3605 sicut
927 3555 1211 3620 apostolum
1228 3553 1296 3615 '’),
1328 3556 1428 3605 and
1464 3555 1520 3605 S.

358 3637 563 3701 Jerome
608 3636 1053 3698 (⁴⁶consideremus
1106 3652 1227 3700 ergo
1281 3644 1525 3702 quantum

360 3714 445 3765 hic
467 3715 693 3764 laudetur
716 3715 1165 3766 OnesimuS...cum
1190 3716 1259 3765 ita
1284 3715 1522 3780 recipien-

361 3799 457 3848 dus
477 3799 543 3850 sit
564 3809 619 3850 ut
640 3801 898 3864 apostolus
912 3799 978 3864 '').

430 3899 475 3933 α.
568 3899 618 3931 eo
661 3883 795 3947 quod
896 3880 1171 3942 existimas]
1254 3878 1519 3937 Lansranc,

361 3964 533 4029 freely.

429 4060 474 4107 3.
534 4053 635 4110 pro
666 4045 845 4095 delictis
877 4051 924 4094 et
954 4045 1140 4109 satisf]
1204 4044 1387 4094 Thdt.=
1452 4047 1523 4093 al-

364 4131 577 4179 νίττεται
603 4130 629 4178 ὀ
661 4126 811 4192 λόγος
844 4129 905 4180 ὡς
939 4125 1259 4191 ὑφελκόμενός
1290 4146 1340 4177 τι
1372 4128 1527 4180 κακῶς

364 4212 710 4272 δεδαπάνηκεν.

430 4305 477 4356 5.
556 4293 725 4342 nocuit
774 4293 839 4354 te]
926 4292 1075 4342 Latin
1118 4293 1354 4354 versions,
1422 4294 1523 4342 “n.

362 4374 455 4424 tibi
475 4373 533 4436 ;”
566 4375 629 4424 cf.
656 4387 695 4424 1.
718 4392 771 4440 p.
796 4373 877 4439 67,
910 4375 944 4426 1.
980 4391 1021 4435 1,
1057 4382 1189 4425 note.
1265 4375 1367 4424 For
1397 4375 1522 4424 debi-

363 4463 443 4504 tor
467 4463 535 4506 est
568 4456 652 4506 the
684 4456 833 4506 Latin
856 4456 1145 4506 authorities
1168 4455 1290 4506 with
1321 4455 1406 4506 the
1440 4473 1522 4505 ex-

1619 3231 1821 3296 ception
1844 3229 1905 3280 of
1921 3230 2171 3280 Ambrstr.
2194 3229 2308 3294 give
2333 3231 2364 3256 ‘⁸
2379 3225 2580 3278 debet-’⁹

1687 3314 1732 3362 8.
1818 3326 1976 3360 manu
2021 3310 2148 3371 mea]
2219 3309 2331 3359 The
2375 3310 2584 3373 reading
2627 3309 2686 3359 of
2722 3311 2791 3360 H

1621 3399 1902 3457 represents
1947 3391 2032 3441 the
2077 3391 2226 3455 Vulg.
2265 3391 2427 3447 order,
2462 3391 2629 3440 which
2665 3391 2782 3442 here

1623 3474 1876 3523 coincides
1897 3473 2022 3523 with
2043 3472 2130 3522 the
2153 3472 2257 3522 Gk.
2315 3471 2396 3522 Cf.
2425 3484 2460 3521 1.
2489 3488 2539 3537 p.
2566 3473 2717 3524 xxxii.

1689 3567 1736 3618 9.
1791 3553 1941 3602 sciens
1966 3551 2203 3617 quoniam
2224 3551 2452 3607 dominis.
2481 3551 2595 3612 δια]
2658 3551 2784 3601 This

1621 3635 1788 3684 clause
1810 3649 1971 3683 seems
1991 3640 2080 3683 out
2101 3633 2161 3683 os
2187 3633 2346 3698 place,
2378 3632 2549 3696 seeing
2582 3632 2691 3683 that
2726 3633 2782 3684 S.

1623 3715 1750 3765 Paul
1789 3731 1890 3766 was
1927 3721 2016 3764 not
2056 3714 2142 3764 the
2179 3721 2364 3763 master
2401 3713 2461 3762 of
2496 3714 2784 3764 Onesimus..

1624 3797 1676 3846 It
1709 3797 1752 3846 is
1782 3796 1884 3860 just
1913 3795 2134 3860 possible
2165 3795 2276 3844 that
2310 3810 2342 3842 a
2373 3793 2476 3843 line
2508 3793 2600 3843 has
2632 3793 2784 3844 fallen

1622 3887 1710 3928 out
1755 3879 1880 3928 aster
1924 3878 2346 3928 redditurum—“
2359 3877 2574 3927 suadens
2617 3878 2664 3927 ei
2702 3879 2784 3928 uel

1626 3962 1842 4011 maxime
1864 3968 1919 4011 ut
1941 3961 2142 4010 ueniam
2164 3961 2209 4010 ei
2239 3961 2429 4020 daret‚”
2459 3978 2516 4011 or
2541 3961 2628 4011 the
2661 3961 2778 4013 like.

1629 4048 1642 4071 ⁴
1660 4043 1724 4092 In
1756 4042 2033 4108 promising
2065 4050 2118 4092 to
2153 4044 2328 4093 refund
2355 4045 2490 4093 what
2515 4044 2785 4095 Onesimus

1626 4125 1730 4175 had
1759 4124 1936 4183 stolen,
1964 4125 2019 4175 S.
2045 4125 2210 4176 Paul's
2237 4125 2404 4190 object
2424 4141 2528 4176 was
2561 4135 2615 4176 to
2646 4128 2786 4177 draw

1629 4207 1892 4256 Philemon
1925 4205 2033 4256 into
2066 4222 2131 4254 an
2160 4214 2240 4256 act
2263 4207 2323 4256 of
2347 4206 2598 4272 liberality
2618 4206 2786 4256 which

1625 4288 1786 4353 might
1807 4303 1978 4338 secure
2000 4287 2077 4337 for
2099 4287 2203 4337 him
2226 4305 2258 4339 a
2286 4288 2377 4339 full
2409 4288 2636 4340 reward)
2703 4291 2783 4341 Cf.

1624 4371 1782 4434 itgfra,
1812 4371 1844 4420 1.
1878 4383 1933 4433 15
1957 4387 2033 4436 sq.

1698 4471 1770 4516 ¹4·
1835 4454 2068 4518 quoniam
2091 4455 2316 4520 tee'pstme]
2371 4455 2482 4506 The
2507 4455 2656 4505 Latin
2680 4472 2783 4506 ver·
