3250 5025
1290 338 1375 389 IN
1425 338 1527 391 ΕΡ.
1571 338 1677 388 AD
1723 338 1986 391 TITUM.

414 330 463 393 1.
507 327 765 395 16—11.
809 324 883 409 1.]
2709 337 2831 407 245

408 518 667 593 bantur,
730 518 850 598 pr'o
906 514 1151 597 'quibus
1226 513 1391 597 legis
1462 514 1722 580 dudum
1797 516 1977 581 latae
2051 526 2284 582 tenore
2357 516 2494 583 alia
2559 518 2831 600 quidem

407 623 650 688 debere
704 620 964 693 insumi,
1024 618 1157 682 alia
1204 638 1363 681 uero
1424 618 1673 701 repelli,
1722 618 1877 685 ‘illa
1933 619 2199 703 (inquit)
2251 641 2425 703 quae
2471 620 2560 685 ad
2609 641 2831 685 escam

410 725 586 789 facta
640 734 798 787 sunt
844 724 1021 786 ‘nihil
1072 724 1137 785 in
1192 744 1263 786 se
1318 723 1713 787 inmundum
1769 723 2038 800 habent,
2085 725 2144 787 si
2195 732 2422 787 tamen
2477 725 2626 807 quis
2675 744 2830 787 cum

410 828 664 892 munda
710 828 1115 891 conscientia
1174 828 1337 891 uelit
1391 849 1471 892 ea
1523 816 1898 909 insumere3
1967 831 2020 893 si
2067 831 2214 914 quis
2251 852 2424 895 uero
2473 852 2594 914 per
2636 851 2826 895 suam

408 932 941 997 incredulitatem
974 930 1179 995 habet
1222 930 1698 994 conscientiam
1741 932 2260 1015 coinquinatam,
2292 924 2825 997 nihil'mundum
2899 938 2932 1005 5

332 1104 340 1111 ,
408 1059 553 1101 esse
574 1037 816 1120 poterit
838 1035 930 1098 illi
956 1035 1067 1117 qui
1093 1034 1245 1099 talis
1265 1042 1407 1111 est;
1454 1045 1729 1098 nocetur
1759 1045 1984 1099 autem
2017 1035 2321 1100 similiter
2342 1058 2431 1101 ex
2456 1036 2764 1101 omnibus
2787 1035 2825 1077 ⁴*

407 1142 533 1205 illis
582 1163 703 1203 sua
758 1138 1069 1222 perfidia.’
1162 1148 1230 1203 et
1278 1138 1595 1222 quoniam
1658 1138 2005 1222 antiquam
2066 1141 2529 1224 proponebant
2580 1138 2826 1204 habere

404 1267 476 1309 se
509 1246 955 1328 cognitionem
985 1264 999 1307 ε

534 1414 749 1477 Deum
785 1412 1045 1497 (inquit)
1078 1412 1461 1495 confitentur
1485 1433 1551 1475 se
1576 1411 1744 1476 scire
1757 1436 1788 1489 ,·
1833 1414 2122 1495 operibus
2147 1423 2362 1477 autem
2395 1422 2649 1496 negant,
2677 1432 2824 1475 cum

402 1517 542 1583 sint
564 1516 938 1583 execrabiles
964 1525 1027 1579 et
1053 1514 1409 1598 dqffidentes
1436 1524 1500 1578 et
1524 1514 1623 1577 ad
1643 1536 1827 1578 omne
1854 1526 2008 1597 opus
2037 1517 2268 1580 bonum
2300 1516 2561 1599 reprobi.
2856 1533 2935 1580 10

535 1665 824 1745 ‘negant
882 1636 1145 1743 (inquit)
1201 1679 1403 1742 opere
1452 1660 1593 1722 eius
1639 1660 2110 1742 cognitionem,
2156 1660 2318 1723 dum
2374 1660 2632 1743 legibus
2681 1662 2824 1741 eius

404 1764 641 1829 nolunt
701 1765 1177 1847 obtemperare,
1240 1783 1455 1846 neque
1523 1763 1777 1845 aliquid
1840 1765 1925 1828 de
1987 1764 2120 1827 illis
2161 1785 2353 1848 -quae
2414 1766 2822 1830 conueniunt

404 1868 639 1953 agere.’
728 1878 799 1933 et
828 1869 1055 1933 dicens
1087 1867 1214 1932 ista
1242 1869 1561 1931 aduersus
1594 1867 1744 1931 illos
1771 1892 1785 1932 z

534 2037 605 2091 tu
635 2037 853 2091 autem
882 2029 1131 2110 loquere
1156 2048 1319 2109 quae
1345 2027 1563 2089 decent
1586 2046 1838 2089 sanam.
1856 2025 2235 2091 doctrinam.

404 2224 601 2304 νόμον
637 2228 769 2293 τῶν
803 2225 923 2307 μὲν
958 2224 1102 2291 δέον
1144 2226 1700 2309 μεταλαμβάνειν,
1729 2225 1863 2292 τῶν
1891 2224 1961 2293 δὲ
1992 2222 2397 2313 ἀπέχεσθαι·
2443 2230 2458 2257 ‘
2478 2226 2608 2291 τῶν
2636 2250 2818 2307 «γενγο-
2857 2238 2927 2305 15

400 2328 603 2395 νότων
644 2328 901 2413 (φησὶν)
944 2327 1321 2415 ἀκάθαρτον
1377 2328 1582 2406 οὐδέν,
1647 2328 1703 2396 εἰ
1763 2328 1839 2411 δή
1894 2354 1995 2399 τις
2053 2327 2272 2395 αὐτῶν
2322 2327 2582 2417 καθαρᾷ
2625 2354 2820 2411 μετα-

401 2434 737 2518 λαμβάνοι
787 2435 869 2520 τῇ
914 2432 1163 2519 γνώμῃ·
1226 2430 1492 2499 ἐπειδὰν
1538 2428 1608 2497 δέ
1653 2458 1748 2501 τις·
1803 2430 1884 2498 δι’
1938 2430 2264 2497 ἀπιστίαν
2309 2430 2452 2521 ἔχοι
2496 2432 2613 2512 τὴν
2665 2458 2819 2497 συν-

402 2535 658 2618 είδησιν
713 2537 1236 2620 μεμολνμμὲνην,
1297 2534 1591 2624 καθαρὸν
1665 2533 1850 2601 οιῖδὲν
1909 2538 2004 2623 τῷ
2074 2533 2368 2622 τοιούτῳ,
2427 2534 2820 2615 βλάπτεται

398 2637 525 2726 *γὰρ
570 2635 682 2725 ὑφ’
726 2636 1035 2704 ἁπάντων
1079 2636 1350 2721 ὁμοίωςῖ

2017 2821 2046 2870 3
2079 2806 2232 2858 habet
2259 2806 2303 2856 C
2324 2804 2470 2870 (corr)

503 2825 523 2859 1
564 2815 786 2860 tenorem
814 2808 858 2858 C
874 2809 943 2858 H
953 2824 986 2857 r
1147 2823 1175 2858 α
1210 2823 1329 2874 sepe
1352 2807 1426 2858 illi
1443 2805 1557 2873 (sor
1576 2806 1770 2872 repelli)
1795 2807 1863 2858 H
2670 2821 2698 2868 5
2733 2805 2820 2856 ha-

398 2892 518 2943 bent
540 2893 607 2942 H
792 2887 825 2940 6
858 2891 1053 2940 nocitur
1072 2891 1140 2939 H
1303 2902 1329 2954 7
1353 2907 1427 2956 sq.
1456 2897 1505 2940 et
1528 2889 2033 2956 quoniam...repr0bi
2057 2889 2112 2951 [l.
2147 2889 2226 2950 ιο]
2246 2905 2324 2937 om
2348 2904 2380 2937 r
2574 2890 2605 2938 8
2638 2903 2818 2952 cogna-

397 2975 587 3024 tionem
610 2973 680 3022 Η
847 2987 900 3022 11
938 2987 1092 3036 opera
1113 2971 1180 3020 H
1392 2987 1450 3035 13
1486 2971 1651 3035 fugere
1673 2971 1922 3033 [zsacere
1935 2970 1978 3032 Ρ]
2002 2968 2119 3034 (for
2136 2969 2300 3034 agere)
2323 2971 2388 3018 H
2409 2967 2418 3034 Ι
2447 2975 2498 3018 et
2529 2969 2702 3019 dicens
2723 2969 2820 3019 ista

396 3055 512 3106 adu.
536 3055 651 3104 illos
671 3069 749 3104 om
772 3069 805 3102 r
1036 3069 1094 3113 ¹4
1116 3067 1192 3118 sq.
1220 3059 1275 3102 tu
1296 3059 1810 3104 autem...sermonem
1831 3068 1910 3102 om
1934 3068 1990 3100 r.
2187 3065 2246 3113 ¹4
2277 3049 2462 3100 docent
2485 3051 2552 3099 H
2760 3051 2819 3100 18

398 3135 765 3199 μεμολυσμένην
782 3135 899 3185 edd.

394 3277 679 3342 scnepuloso
710 3296 756 3317 =
787 3273 1073 3337 scrupulose
1127 3271 1191 3322 cf.
1252 3271 1339 3322 the
1405 3272 1555 3322 inter·
1724 3290 1770 3333 4.
1831 3277 1930 3334 per
1965 3285 2111 3318 suam
2139 3267 2550 3329 incredulitatem]
2615 3267 2712 3318 Th.
2743 3269 2818 3317 in-

396 3362 591 3424 change
622 3360 674 3408 in
715 3357 813 3407 this
850 3355 1145 3405 translation
1180 3355 1239 3404 of
1270 3354 1549 3413 necessario,
1657 3359 1869 3419 terprets
1902 3354 2002 3402 τοῖς
2033 3351 2392 3412 μεμιαμμένοις,
2431 3352 2582 3399 κ.τ.λ.
2621 3366 2677 3400 as
2715 3349 2808 3398 if=

400 3440 679 3492 necessarie.
1657 3437 1754 3485 τοῖς
1794 3435 1870 3484 διὰ
1909 3433 2000 3494 τὴν
2039 3431 2272 3483 ἀπιστίαν
2306 3433 2660 3490 μεμιαμμένοις.
2732 3431 2816 3481 Cf.

472 3541 515 3574 ι.
602 3522 708 3571 alia
736 3519 947 3586 quidem,
976 3517 1092 3579 δια]
1157 3516 1240 3566 cf.
1265 3528 1303 3565 1.
1326 3533 1413 3582 pp.
1444 3531 1559 3578 242,
1661 3519 1854 3582 Pelag.:
1882 3515 2239 3581 “coinquinati
2261 3523 2312 3565 et
2332 3515 2563 3565 infideles
2579 3523 2708 3576 sunt,
2729 3517 2818 3580 qui

400 3604 513 3671 296.
1657 3613 1762 3647 non
1783 3598 1990 3648 credunt
2019 3597 2190 3661 iugum
2226 3596 2351 3660 legis
2383 3611 2414 3644 a
2446 3595 2579 3644 collo
2612 3597 2816 3646 creden-

464 3703 512 3736 2.
600 3685 691 3734 illa
727 3682 931 3746 (inquit)
964 3697 1092 3746 quae
1122 3680 1197 3729 ad
1225 3695 1399 3736 escam,
1438 3677 1553 3740 δια]

396 3768 517 3824 Th..
549 3766 671 3816 with
705 3765 789 3814 the
822 3771 961 3828 great
996 3761 1227 3825 majority
1259 3760 1317 3810 of
1345 3761 1431 3810 the
1464 3775 1553 3824 pa·

395 3850 553 3899 tristic
577 3853 978 3904 commentators,
1009 3843 1160 3893 refers
1188 3851 1243 3893 to
1276 3843 1362 3894 the
1395 3841 1554 3892 aboli-

396 3934 503 3983 tion
525 3932 584 3982 of
600 3931 685 3980 the
706 3929 838 3994 legal
862 3927 1167 3978 restrictions
1191 3943 1259 3976 on
1281 3925 1419 3975 sood.
1470 3925 1551 3975 Cf.

392 4017 625 4081 jeromet
671 4012 941 4060 “aduentu
976 4007 1163 4058 Christi
1196 4015 1407 4072 purgata
1438 4013 1553 4058 sunt

396 4093 685 4147 omnia.‚.in
706 4090 852 4140 nobis
877 4090 1045 4155 itaque
1067 4097 1143 4139 est
1174 4089 1439 4139 comedere
1470 4089 1551 4138 uel

394 4177 585 4228 munda
628 4173 709 4223 uel
754 4171 1047 4231 immunda;
1101 4169 1145 4218 si
1188 4169 1323 4218 enim
1378 4169 1552 4218 mundi

392 4272 577 4315 sumus,
606 4252 793 4304 munda
816 4250 962 4300 nobis
984 4257 1059 4298 est
1082 4245 1357 4297 creatura.”

456 4355 582 4405 quae
617 4337 691 4386 ad
720 4333 1056 4386 arcam...lalis
1090 4331 1179 4393 est]
1260 4329 1409 4379 cited
1467 4329 1540 4394 by

394 4424 665 4476 Lansranc.

1659 3681 1782 3730 tium
1820 3681 2098 3730 Dominum
2131 3677 2448 3728 abstulisse.”
2515 3678 2629 3726 Illis
2653 3678 2708 3738 (1.
2737 3678 2816 3740 7);

1657 3761 1748 3810 for.
1780 3761 1877 3824 leg.
1902 3761 1986 3809 illi
2007 3775 2064 3809 or
2086 3759 2184 3808 ille.

1722 3856 1769 3904 9.
1813 3839 2355 3906 Deum...confilenlur,
2379 3838 2495 3898 &cd
2529 3838 2640 3887 The
2666 3837 2812 3889 Latin

1657 3923 1876 3972 versions
1921 3923 2049 3972 have
2105 3921 2348 3970 “nosse'’
2405 3920 2484 3968 for
2529 3921 2663 3980 scire,
2713 3923 2814 3971 and

1663 4004 1698 4028 “
1713 4003 1856 4052 sactis
1871 4001 1900 4024 ’'
1944 4002 2021 4051 for
2062 4001 2296 4066 operibus.
2393 4001 2492 4050 For
2532 4003 2814 4053 execrabiles

1657 4087 1946 4146 (Ambrstr.,
1977 4085 2142 4145 Hier.)
2169 4085 2254 4134 the
2282 4084 2431 4146 Vulg.
2467 4085 2608 4148 gives
2643 4085 2814 4134 “abo-

1655 4169 1830 4218 minati
1849 4167 1880 4190 ''
1927 4169 2236 4230 (βδελυκτοὶ),
2287 4169 2386 4217 and
2430 4167 2507 4218 sor
2548 4169 2814 4234 dffdentcs

1656 4251 1905 4299 Ambrstr.
1929 4249 2028 4298 aud
2059 4249 2202 4297 Hier.
2229 4249 2623 4313 rightlyrender
2657 4257 2688 4277 ‘⁸
2707 4251 2811 4301 inc-

1653 4328 1992 4380 boedientes”
2028 4327 2298 4391 (ἀπειθεῖς),
2339 4330 2504 4380 whilst
2539 4331 2624 4381 the
2659 4331 2806 4397 Vulg-

1655 4411 1746 4462 has
1773 4415 1808 4437 ‘⁸
1825 4410 2190 4462 incredibiles.”
