3250 5025
293 388 381 455 ΙΙ.
424 390 543 476 19.]

990 406 1072 457 IN
1122 406 1224 459 ΕΡ.
1272 407 1374 459 AD
1420 408 1888 461 TIMOTHEUM
1937 412 2010 465 11.

2578 416 2706 481 209

284 580 420 643 suis
474 580 899 645 sermonibus
950 581 1321 648 inescantes
1396 584 1761 649 adtrabunt
1833 586 1922 649 ad
1981 585 2458 669 impietatem3
2533 589 2705 654 sicut

290 683 731 765 Hymenaeus
790 694 859 748 et
914 684 1184 761 Faetus,
1235 688 1349 769 qui
1404 707 1632 751 ueram
1681 686 1930 753 Christi
1977 690 2525 755 resurrectionem
2587 690 2705 755 ab·

288 796 627 868 neganteS,
682 788 883 852 aliam
919 789 1259 870 quandam
1307 791 1852 855 resurrectionem
1898 794 2330 872 somniantur,
2379 814 2582 878 quam
2637 804 2706 860 et

288 890 353 951 in
417 892 903 954 successionem
965 892 1155 956 aiunt
1232 903 1530 958 nostram
1592 894 1934 959 constare?

2025 898 2396 961 necessarie
2455 906 2524 962 et
2576 898 2706 962 ista

288 993 375 1057 ad
414 996 940 1060 consolationem
984 997 1125 1061 eius
1170 998 1424 1062 dixisse
1465 998 1732 1063 uidetur
1771 999 2134 1081 apostolus,
2167 1020 2247 1063 eo
2290 1001 2472 1085 quod
2505 1000 2704 1065 ualde
2733 1019 2763 1085 5

286 1099 633 1161 consueuit
684 1100 905 1162 tristes
956 1097 1171 1162 facere
1226 1120 1341 1163 eos
1394 1102 1508 1183 qui
1570 1099 1930 1164 utilitatem
1984 1100 2267 1166 aliorum
2326 1103 2704 1186 prospicere

285 1210 441 1264 sunt
486 1203 796 1282 ordinati,
828 1204 881 1266 si
927 1202 1249 1285 plurimos
1296 1203 1591 1267 fidelium
1640 1204 1928 1268 uiderint
1974 1205 2040 1267 in
2087 1204 2377 1270 deterius
2423 1226 2701 1289 serpere.

288 1307 467 1370 unde
499 1316 566 1370 et
607 1308 967 1390 persistens
1000 1310 1277 1372 suadere
1308 1310 1367 1371 ei
1415 1319 1489 1373 ut
1522 1329 1653 1372 non
1702 1308 2009 1372 adflictus
2057 1310 2284 1373 animo
2325 1310 2594 1374 deficiat
2636 1320 2704 1374 et

284 1409 373 1473 ob
406 1409 687 1475 aliorum
722 1411 1048 1475 malitiam
1081 1411 1148 1474 in
1180 1420 1523 1495 stuporem
1555 1421 1874 1489 uertatur,
1903 1412 2150 1476 adiecit
2179 1434 2194 1475 ε

394 1580 681 1661 firmum
710 1592 925 1652 autem
948 1582 1466 1664 fundamentum
1496 1582 1633 1647 Dei
1655 1591 1802 1660 stat,
1835 1582 2072 1647 habens
2097 1581 2510 1665 signaculum
2549 1581 2700 1647 ltoc:
2736 1597 2814 1647 10

287 1684 303 1712 ‘
320 1684 506 1747 nouit
531 1685 860 1750 Dominus
886 1688 1191 1769 quisunt
1214 1687 1386 1754 eius.²

417 1810 558 1876 ‘hic
588 1825 657 1879 et
690 1813 955 1898 (inquit)
991 1825 1059 1880 te
1090 1816 1228 1880 duo
1250 1816 1678 1880 consolentur
1704 1838 1720 1896 ;
1753 1817 2042 1900 primum
2067 1818 2358 1901 quidem,
2382 1816 2700 1901 quoniam

283 1908 563 1977 aliorum
613 1917 915 1981 seductio
968 1939 1102 1981 non
1172 1920 1580 1983 exterminat
1645 1938 1860 1983 rerum
1925 1920 2280 1985 ueritatem
2308 1938 2325 1997 ;
2386 1919 2700 1995 secundo3

280 2017 597 2097 quoniam
648 2040 802 2082 suos
844 2020 957 2103 qui
1010 2022 1148 2084 ueri
1200 2032 1359 2085 sunt
1406 2023 1545 2085 eius
1599 2020 1760 2085 olim
1810 2024 2127 2105 cognouit
2177 2026 2382 2089 Deus·

2477 2024 2702 2105 itaque

280 2136 395 2180 eos
448 2140 615 2201 quos
664 2141 839 2186 nunc
890 2124 1205 2205 perspicis
1259 2124 1501 2198 seduci,
1555 2122 1679 2187 hos
1730 2125 1916 2187 Deus
1969 2124 2131 2187 olim
2186 2124 2503 2207 reprobos
2555 2145 2700 2188 esse
2735 2144 2803 2210 15

281 2224 535 2287 sciebat
558 2246 573 2303 ;
620 2223 782 2288 nihil
823 2247 980 2308 ergo
1006 2226 1088 2295 ‚fit
1126 2247 1397 2305 nouum,
1428 2236 1504 2291 ut
1533 2228 1601 2290 in
1645 2235 1990 2309 stuporem
2037 2227 2336 2307 uertariS,
2367 2229 2485 2291 sed
2532 2226 2696 2291 illud

282 2327 357 2391 fit
402 2332 581 2412 quod
620 2330 779 2395 olim
824 2331 963 2397 fieri
1008 2332 1261 2397 sciebat
1306 2332 1527 2397 Deus!

283 2430 605 2495 debemus
640 2434 921 2515 instruit,
955 2435 1221 2499 dicens:

1619 2353 1776 2397 nam
1823 2332 2010 2395 cuius
2051 2334 2144 2396 rei
2183 2352 2411 2396 curam
2453 2330 2698 2396 habere

408 2610 485 2676 et,
516 2605 531 2632 ‘
553 2600 841 2664 discedat
866 2601 950 2665 ab
981 2601 1301 2686 impietate
1330 2601 1540 2665 omnis
1568 2601 1689 2685 qui
1714 2600 2014 2664 nominat
2039 2621 2266 2664 nomen
2296 2599 2609 2664 Domini?

412 2753 486 2807 ut
514 2743 895 2809 huiusmodi
926 2744 1231 2809 homines
1262 2745 1612 2809 discedant
1645 2744 1733 2808 ab
1765 2745 1948 2808 omni
1981 2743 2347 2827 impietate.

385 2907 403 2940 1
443 2891 710 2941 adtrahant
738 2891 781 2941 C
793 2889 821 2916 ⁴*
836 2891 905 2942 H
908 2908 941 2940 r

278 2974 555 3024 necessario
587 2991 620 3024 r

277 3055 393 3118 (sor
423 3057 683 3119 plurimos)
708 3057 775 3106 H
794 3055 803 3122 Ι
830 3057 1073 3107 ifidelium
1099 3057 1326 3118 (=—.inf.?)
1351 3057 1419 3105 II

280 3137 393 3204 (sor
412 3138 541 3187 firm.
564 3139 748 3198 autem)
772 3155 805 3188 r
958 3152 1012 3188 11
1040 3136 1276 3203 cognouit
1300 3153 1333 3186 r

278 3271 357 3318 θος
401 3270 534 3318 ἐστὶν
580 3266 611 3328 ἡ
653 3267 949 3333 γάγγραινα,
1011 3269 1189 3331 ἕρπον
1244 3269 1323 3316 καὶ
1377 3268 1434 3316 τὸ

279 3349 490 3410 ὑγιαῖνον
520 3346 609 3397 τοῦ
646 3350 863 3407 σώματος
900 3349 1145 3408 λυμαΐνον.
1213 3347 1316 3396 For
1350 3347 1435 3395 the

276 3427 407 3479 form
448 3429 631 3494 serpiri
672 3430 725 3490 (i.
736 3446 783 3493 q.
828 3428 1033 3493 serpire)
1079 3443 1162 3476 see
1210 3425 1431 3485 Ronsch,

274 3511 427 3567 Itala,
452 3525 500 3574 p.
532 3508 641 3559 286.

344 3603 389 3651 3.
470 3589 809 3651 somniantur]
876 3589 1147 3653 Deponent
1182 3587 1263 3648 (cf.
1302 3600 1337 3637 1.
1378 3601 1427 3652 p.

277 3671 326 3730 8,
350 3671 383 3722 L
414 3691 460 3734 4,
490 3671 645 3730 note).
715 3671 811 3720 See
833 3671 988 3721 vv.11.

342 3773 390 3816 4.
471 3753 529 3800 in
562 3753 913 3812 successionem,
952 3751 1067 3813 &c.]
1134 3750 1215 3800 Cf.
1250 3749 1432 3800 Thdt.:

273 3836 359 3885 τὰς
396 3837 450 3882 ἐκ
484 3833 788 3884 παιδοποιΐας
824 3833 1051 3894 διαδοχὰς
1088 3829 1350 3881 ἀνάστασιν
1390 3832 1435 3880 οἱ

275 3917 538 3975 δυσώνυμοι
570 3913 941 3978 προσηγόρευον.
1022 3913 1297 3964 Ambrstr.:
1330 3917 1362 3940 ‘⁶
1380 3912 1431 3962 in

274 3998 388 4048 filiis
425 3998 529 4048 fieri
568 3996 973 4046 resurrectionem
1007 3995 1294 4045 dicebant.'’
1361 3996 1432 4046 So

274 4081 470 4146 Pelag.;
506 4080 655 4129 Prim.
696 4079 843 4141 [aster
874 4079 1007 4128 Iren.
1032 4078 1083 4127 ii.
1109 4094 1187 4141 31.
1214 4093 1259 4138 α,
1288 4077 1428 4126 Tert.

270 4179 361 4212 rcs.
405 4161 513 4228 19]:
562 4160 715 4209 “siue
750 4161 803 4209 in
840 4159 1023 4216 anima,
1063 4174 1178 4208 cum
1222 4173 1252 4207 a
1296 4157 1431 4208 uitiis

272 4243 479 4308 resurgit
500 4241 557 4304 ;’'
592 4241 764 4291 Sedul.
792 4243 955 4292 Scot.:
992 4245 1021 4267 ‘⁴
1038 4241 1229 4289 animas
1257 4239 1307 4288 in
1331 4239 1431 4288 alia

270 4342 481 4390 corpora
524 4325 733 4375 transire
782 4331 1027 4389 putantes,
1038 4321 1065 4345 ”
1158 4322 1334 4386 Chrys.
1388 4321 1430 4370 is

270 4407 417 4456 silent
451 4423 507 4455 as
544 4413 595 4455 to
630 4405 716 4456 the
754 4415 929 4455 nature
962 4404 1020 4454 of
1052 4404 1137 4454 the
1170 4403 1345 4467 heresy
1378 4409 1431 4451 to

270 4486 433 4536 which
465 4486 550 4536 the
583 4487 683 4551 Ap.
712 4485 879 4536 resers-
948 4483 1049 4534 For
1080 4483 1429 4533 succensionem

447 4599 497 4650 S.
532 4599 606 4650 11.

1080 2907 1109 2954 3
1143 2890 1395 2941 somniant
1417 2908 1451 2939 r

790 2974 823 3025 6
856 2975 921 3024 ad
957 2973 1063 3039 (bes
1081 2973 1207 3038 util.)
1232 2975 1336 3024 add
1356 2991 1389 3024 r
1416 2972 1425 3040 Ι
1450 2990 1544 3040 pro
1570 2974 1736 3040 specie
1770 2972 1884 3038 (sor
1915 2973 2106 3038 prosp.)
2142 2990 2173 3021 r

1488 3139 1545 3187 18
1579 3135 1793 3186 instituit
1817 3152 1850 3184 r

2439 2753 2508 2806 et
2539 2743 2697 2826 quia
2724 2761 2810 2809 20

1576 2911 1608 2956 4
1641 2890 2014 2940 succensionem
2045 2890 2089 2939 C
2097 2890 2163 2939 II
2168 2904 2201 2938 r
2227 2887 2238 2954 Ι
2265 2889 2404 2938 aiunt
2425 2905 2475 2939 n.
2503 2905 2581 2938 om
2604 2906 2637 2936 r
2659 2889 2668 2952 1

2343 2985 2370 3035 7
2405 2973 2572 3036 plures
2604 2987 2698 3021 nos

1570 3072 1628 3106 ιο
1661 3057 1877 3121 primum
1901 3053 2012 3120 (jor
2026 3052 2243 3117 firmum)
2275 3053 2397 3104 CH
2416 3052 2424 3117 Ι
2452 3053 2540 3104 sed
2565 3053 2690 3103 firm.

2005 3150 2062 3200 19
2096 3143 2146 3186 et
2170 3151 2248 3184 om
2271 3151 2303 3184 r
2328 3132 2337 3199 Ι
2366 3134 2630 3200 iniquitate
2653 3151 2684 3183 r

1537 3261 1636 3327 (vv.
1660 3262 1738 3324 11.)
1763 3278 1844 3313 see
1868 3262 2069 3326 Bensly,
2095 3263 2270 3318 ME,
2295 3278 2346 3326 p.
2381 3275 2457 3325 15.

1606 3359 1684 3393 10.
1738 3342 1961 3407 firmum
1997 3341 2346 3402 autem...stat]
2433 3342 2505 3392 So
2541 3342 2670 3405 Aug.
2683 3377 2696 3398 ‚

1538 3424 1813 3483 Ambrstr.;
1854 3425 2087 3480 Clarom„
2125 3421 2203 3471 “s.
2241 3419 2520 3486 quidem;‘’
2553 3424 2692 3482 Am„

1537 3506 1676 3554 “sed
1711 3503 1834 3554 firm.
1873 3504 2010 3554 fund.
2061 3505 2128 3552 D.
2164 3501 2351 3552 stetit.'’
2418 3504 2522 3552 For
2553 3503 2700 3552 nouit

1538 3587 1704 3647 (ἔγνω)
1751 3587 1836 3636 the
1881 3587 2029 3635 Latin
2073 3585 2296 3635 versions
2349 3585 2478 3634 have
2536 3589 2696 3650 “cog-

1535 3666 1750 3728 noscit,”
1780 3667 2108 3733 “cognouit”
2135 3668 2216 3728 (cf.
2247 3668 2282 3717 1.
2313 3684 2387 3731 14,
2406 3667 2585 3732 infra).

1606 3767 1680 3800 η.
1753 3759 1800 3800 te
1848 3751 1946 3800 duo
2001 3750 2327 3812 consolentur]
2411 3750 2694 3801 Lanfranc:

1536 3833 1625 3880 “A
1631 3832 1726 3880 mh.
1747 3831 1842 3881 ista
1863 3833 1926 3880 ad
1952 3831 2346 3882 consolationem
2371 3831 2477 3882 eius
2499 3831 2696 3884 uidetur

1534 3914 1717 3964 dixisse
1739 3915 2010 3980 apostolus·
2023 3913 2053 3938 ”

1604 4007 1679 4055 ¹⁴·
1748 3995 1976 4058 cognouit
1996 3993 2161 4055 Deus]
2217 3993 2299 4044 Cf.
2323 3994 2422 4043 Th.
2447 4009 2514 4041 on
2538 3992 2690 4043 Zach.

1532 4074 1632 4124 xiv.
1665 4087 1690 4136 7
1722 4075 1933 4138 (Migne,
1973 4071 2118 4139 589):
2157 4075 2312 4136 ιἔγνω
2342 4071 2696 4136 κύριος’...οἰντὶ

1531 4153 1634 4206 τοῦ·
1659 4155 1931 4219 ᾠκειώσατο
1953 4157 2122 4208 αὐτοὺς
2143 4158 2222 4206 καὶ
2238 4156 2459 4220 ὀρεστοὺς
2477 4155 2697 4216 ἐνόμισεν

1530 4235 1704 4298 ἐαυτῷ.

1602 4335 1677 4387 19.
1743 4319 2008 4384 impietate]
2097 4319 2210 4370 The
2267 4319 2418 4369 Latin
2473 4319 2694 4370 versions

1531 4417 1670 4450 more
1691 4401 1936 4467 correctly
1952 4402 2130 4451 render
2154 4405 2185 4430 “
2203 4398 2516 4466 iniquitate-’²
2560 4401 2693 4466 Imp.

1533 4484 1575 4533 is
1598 4483 1833 4548 repeated
1857 4483 1911 4532 in
1933 4483 2020 4534 the
2042 4497 2224 4533 comm.
2251 4482 2307 4544 (1.
2331 4483 2431 4542 το).

2443 4598 2522 4660 14
