3250 5025
390 389 848 442 FRAGMENTS
894 389 988 439 OF
1032 387 1189 438 THE
1235 383 1625 437 DOGMATIC
1671 383 1939 435 WORKS
1987 383 2081 434 OF
2126 383 2556 434 THEODORE.
2629 387 2754 450 313

330 564 435 639 τῆς
471 562 769 639 παρθένου,
810 565 860 622 εἰ
883 562 965 640 μή
993 560 1103 640 ἄρα
1130 559 1338 624 ταῦτδν
1362 560 1498 643 η’γη-

1598 563 1798 622 Deum
1835 562 1912 622 de
1948 561 2174 640 uirgine
2209 573 2418 623 natum
2455 581 2602 638 esse,
2643 561 2758 622 nisi

333 658 461 718 τέον
499 656 639 736 ἡμῖν
677 656 746 720 τό
784 685 849 718 τε
887 658 1153 740 γεννηθὲν
1194 657 1285 716 καὶ
1329 658 1395 719 τὰ
1440 662 1499 719 ἐν
1595 662 1747 722 forte
1775 661 1936 721 idem
1973 661 2434 722 existimandum
2462 661 2640 722 nobis
2668 672 2759 722 est

333 756 413 834 τῷ
453 755 788 837 γεννηθέντι,
833 755 933 816 τόν
982 754 1114 818 ναὸν
1156 757 1252 816 καὶ
1294 753 1394 817 τόν
1440 759 1500 818 ἔν

336 860 415 934 τῷ
466 861 580 934 ναῷ
633 853 763 915 θεὸν
816 853 1021 936 λόγον·
1083 856 1149 913 οὔ
1202 852 1320 930 μῆν
1366 853 1501 914 οὐδὲ

338 951 484 1013 κατὰ
548 951 656 1027 τήν
721 951 837 1028 σήν
891 950 1089 1028 φωνὴν
1142 951 1505 1028 ἅποφαντέον

336 1047 525 1124 πάντη
577 1046 679 1108 τᾶν
732 1053 794 1109 ἐκ
842 1052 945 1125 τῆς
989 1049 1272 1125 παρθένου
1311 1073 1501 1130 γεννη-

340 1146 510 1208 θέντα
551 1145 687 1207 θεὸν
729 1146 871 1208 εἶναι
910 1150 974 1206 ἐκ
1017 1147 1152 1208 θεοῦ
1192 1143 1505 1224 ὅμοούσιον

340 1247 418 1324 τῷ
482 1246 671 1323 πατρί.
776 1248 827 1304 εἰ
880 1244 993 1327 γαῖρ
1055 1247 1155 1304 οὔκ
1212 1241 1507 1322 ἅνθρωπός

343 1345 519 1415 ἔστιν,
562 1339 635 1404 ὥς
675 1339 808 1420 φῄς,
847 1339 1203 1418 ἀναληφθεὶς
1242 1339 1275 1400 ὅ
1314 1366 1505 1422 γεννη-

342 1440 460 1502 θεὶς
488 1443 551 1499 ἐκ
579 1442 681 1516 τῆς
706 1440 1009 1517 παρθένου,
1039 1437 1165 1502 θεός
1199 1439 1258 1499 δὲ
1290 1464 1505 1518 σαρκω-

345 1537 476 1611 θείς,
518 1539 637 1600 πῶς
676 1535 711 1596 0⁸
753 1538 1047 1619 γεννηθεὶς
1095 1535 1223 1602 θεὸς
1270 1540 1332 1596 ἐκ
1378 1537 1508 1598 θεοῦ

344 1633 436 1694 καὶ
475 1632 783 1712 ὄμοούσιος
822 1634 1052 1715 λέγοιτο
1090 1631 1160 1695 ἂν
1202 1637 1278 1715 τῷ
1314 1635 1505 1712 πατρί,

342 1735 446 1808 τῆς
519 1730 733 1810 ‹ruputas-
799 1732 869 1793 οὗ
933 1732 1233 1810 δυναμένης
1303 1733 1511 1806 ταύτην

342 1830 693 1907 προσίεσθαι
737 1829 843 1906 τήν
896 1831 1130 1909 φωνῆνς
1192 1832 1352 1891 ἔστιν
1403 1833 1510 1908 μὲν

344 1925 457 2009 γὰρ
526 1923 768 2004 ἀνόητον
820 1925 889 1988 τὸ
942 1927 1043 1987 τὸν
1097 1925 1233 1989 θεᾶν
1288 1931 1352 1987 ἐκ
1406 1930 1508 2002 τῆς

344 2023 629 2100 παρθένου
653 2024 1035 2105 γεγεννῆσθαι
1062 2024 1267 2105 λέγειν.
1340 2026 1509 2083 τοῦτο

346 2124 461 2204 γὰρ
510 2120 671 2181 οὐδὲν
718 2118 908 2199 ἔτερόν
951 2124 1110 2181 ε’στιν
1154 2118 1194 2196 ἦ
1236 2124 1297 2180 ἐκ
1340 2120 1511 2198 σπέρ-

346 2243 525 2296 ματος
560 2214 735 2278 αὖτόν
776 2217 967 2297 λέγειν
1006 2216 1266 2293 Δαβίδῦ,
1310 2220 1371 2276 ἐκ
1411 2219 1510 2293 τῆς

350 2314 548 2380 οὐσίας
593 2319 694 2391 τῆς
732 2315 1013 2393 παρθένου
1051 2314 1379 2396 τετεγμένον
1420 2314 1512 2374 καὶ

352 2417 413 2474 ἐν
450 2410 593 2492 mir-fi
628 2411 1129 2489 διαπεπλασμένον
1149 2431 1163 2446 ·
1206 2413 1333 2472 ἐπεί
1349 2437 1419 2493 γε
1444 2411 1512 2472 τδ

352 2507 467 2592 [ἐκ]
526 2509 853 2588 σπέρματος
904 2507 1099 2586 Δαβὶὸ
1152 2509 1245 2569 καὶ
1300 2513 1359 2567 ἐκ
1413 2512 1515 2586 τῆς

354 2607 558 2671 οὐσίας
609 2610 713 2685 τῆς
752 2606 1037 2684 παρθένου
1077 2604 1302 2667 συστσῖν
1341 2610 1403 2666 ἐν
1442 2611 1516 2686 τῇ

350 2706 581 2784 μητρῴᾳ
644 2703 857 2787 γαστρὶ
913 2705 1009 2764 καὶ
1060 2711 1135 2783 τῇ
1192 2708 1293 2764 τοῦ
1348 2704 1517 2786 ἁγίου

351 2802 665 2879 πνεύματος
694 2801 1049 2862 διαπλασθὲν
1077 2800 1306 2878 δυνάμει
1330 2825 1517 2883 γεγεν-

356 2902 569 2978 νῆσθαι
596 2900 788 2977 φαμὲν
815 2904 876 2961 ἐκ
901 2903 1005 2977 τῆς
1030 2900 1329 2977 παρθένου.

1598 770 1660 820 et
1702 760 1866 836 quod
1907 769 2116 819 natum
2153 771 2243 820 est
2283 771 2340 819 et
2377 761 2541 837 quod
2579 770 2670 819 est
2697 759 2760 819 in

1598 865 1760 926 nat0,
1789 856 2079 931 templum
2112 866 2172 916 et
2193 855 2297 932 qui
2323 855 2386 915 in
2415 858 2643 934 templo
2672 870 2762 917 est

1602 951 1771 1026 Deus
1805 950 2088 1011 Verbum.
2132 970 2255 1011 non
2298 962 2500 1012 tamen
2535 971 2648 1012 nec
2677 973 2763 1014 se·
2836 965 2866 1025 5

1600 1048 1870 1108 cundum
1913 1058 2080 1106 tuam
2117 1067 2337 1108 uocem
2379 1049 2766 1125 pronuntian-

1601 1145 1748 1204 dum
1783 1156 1874 1205 est
1903 1144 2153 1205 omnino
2182 1165 2258 1206 ex
2299 1145 2530 1224 uirgine
2558 1149 2763 1209 Deum
2815 1171 2818 1176 ·

1602 1254 1810 1303 natum
1875 1263 2008 1304 esse
2069 1255 2130 1305 et
2191 1263 2264 1306 ex
2322 1247 2459 1307 Deo
2513 1249 2766 1308 consub-

1604 1338 1938 1400 stantialem
1970 1339 2143 1400 Patri.
2199 1361 2340 1400 nam
2363 1341 2556 1403 sinon
2579 1343 2764 1404 homo

1603 1449 1714 1510 est,
1736 1438 1888 1498 sicut
1908 1438 2075 1512 dicis,
2097 1440 2448 1518 adsumptus
2469 1440 2570 1518 qui
2593 1453 2767 1502 natus
2801 1468 2873 1507 10

1604 1545 1697 1595 est
1735 1555 1806 1594 ex
1843 1534 2090 1610 uirgine,
2120 1538 2287 1596 Deus
2325 1555 2470 1597 uero
2506 1535 2771 1598 incarna-

1606 1642 1720 1704 tus,
1760 1634 2073 1708 quomodo
2109 1632 2214 1710 qui
2253 1645 2425 1694 natus
2468 1646 2557 1696 est
2601 1637 2770 1696 Deus

1605 1749 1682 1790 ex
1712 1732 1847 1790 Deo
1885 1742 1945 1791 et
1980 1731 2503 1794 consubstantialis
2541 1732 2773 1794 dicetur

1608 1827 1787 1902 Patri,
1821 1847 2002 1890 carne
2033 1849 2160 1890 non
2195 1841 2442 1908 potente
2479 1832 2636 1891 hanc
2669 1851 2774 1893 uo-

1608 1943 1744 1984 cem
1786 1924 2084 2002 suscipere
2100 1930 2128 1987 ?
2209 1946 2349 1986 nam
2392 1939 2483 1988 est
2525 1927 2769 2005 quidem
2804 1949 2873 2009 15

1608 2021 1916 2082 dementia
1953 2024 2155 2082 Deum
2191 2043 2263 2083 ex
2299 2023 2527 2102 uirgine
2564 2038 2772 2085 natum

1611 2140 1744 2181 esse
1783 2121 1996 2182 dicere.
2062 2122 2179 2182 hoc
2220 2121 2382 2182 enim
2423 2122 2569 2182 nihil
2610 2123 2773 2185 aliud

1612 2229 1705 2280 est
1754 2238 1934 2296 quam
1985 2237 2058 2279 ex
2105 2218 2331 2281 semine
2385 2240 2522 2281 eum
2575 2221 2774 2284 dicere

1617 2313 1822 2375 Dauid
1853 2314 1932 2374 de
1969 2315 2299 2376 substantia
2336 2315 2578 2395 uirginis
2615 2317 2774 2395 geni-

1612 2423 1742 2472 tum
1792 2422 1853 2472 et
1895 2411 1958 2471 in
2013 2411 2144 2490 ipsa
2197 2415 2571 2490 plasmatum,
2631 2415 2774 2493 quia
2805 2443 2880 2482 20

1614 2510 1783 2586 quod
1823 2530 1898 2571 ex
1939 2509 2170 2571 semine
2205 2512 2409 2573 Dauid
2446 2525 2505 2573 et
2532 2514 2612 2574 de
2640 2515 2776 2576 sub-

1616 2606 1832 2668 stantia
1905 2606 2145 2685 uirginis
2215 2620 2305 2670 est
2371 2609 2434 2669 in
2501 2622 2774 2672 materno

1614 2717 1824 2767 uentre
1868 2704 2134 2767 constitit
2182 2718 2244 2767 et
2291 2708 2481 2768 sancti
2525 2708 2776 2786 Spiritus

1615 2805 1976 2881 plasmatum
2039 2802 2274 2879 uirtute,
2330 2799 2538 2866 hatum
2595 2806 2776 2869 fuisse

1617 2898 1870 2960 dicimus
1898 2900 1976 2960 de
2011 2898 2253 2977 uirgine.
2327 2912 2395 2963 ut
2433 2914 2632 2964 autem
2675 2904 2778 2965 ali·
2806 2930 2836 2969 2
2848 2926 2878 2987 5

354 3014 487 3091 quis
528 3035 602 3075 ex
642 3015 760 3075 hoc
800 3015 1098 3075 concedat
1144 3014 1343 3077 dicere
1388 3013 1530 3091 ipsis
1570 3012 1738 3091 quod
1782 3015 1951 3074 Deus
1992 3033 2067 3073 ex
2111 3016 2248 3077 Deo
2290 3026 2351 3077 et
2389 3018 2780 3078 consubstan-

354 3110 507 3172 tialis
550 3110 709 3172 Patri
752 3122 926 3173 natus
968 3122 1059 3173 est
1101 3132 1175 3172 ex
1214 3111 1460 3190 uirgine,
1505 3132 1580 3171 eo
1617 3112 1783 3189 quod
1821 3122 1913 3172 est
1953 3110 2017 3171 in
2058 3114 2284 3190 templo
2321 3124 2484 3187 nato,
2517 3116 2624 3175 sed
2654 3134 2778 3175 non

354 3228 461 3286 per
488 3228 551 3269 se
579 3222 755 3269 natus
784 3219 877 3269 est
919 3211 1087 3269 Deus
1114 3210 1400 3282 Verbum,
1432 3207 1774 3268 incarnatus
1815 3227 1977 3280 uem,
2009 3208 2161 3268 sicut
2198 3208 2343 3270 dicit
2380 3209 2494 3271 iste
2521 3212 2776 3290 sapienS.

310 3312 315 3317 ’
355 3307 403 3366 si
455 3306 633 3384 igitur
678 3326 817 3367 cum
866 3327 1043 3369 carne
1094 3326 1233 3368 eum
1283 3318 1491 3368 natum
1539 3327 1672 3368 esse
1714 3305 1940 3379 dicunt,
1986 3306 2152 3383 quod
2194 3318 2393 3367 autem
2440 3322 2648 3369 natum
2691 3319 2781 3371 est

355 3404 523 3464 Deus
552 3414 612 3463 et
640 3422 713 3463 ex
742 3404 880 3463 Deo
908 3413 967 3464 et
1008 3402 1537 3463 consubstantialis
1567 3401 1729 3462 Patri
1759 3412 1864 3475 est,
1895 3421 2142 3462 necesse
2171 3414 2261 3464 est
2289 3406 2406 3465 hoc
2445 3416 2504 3466 et
2539 3426 2779 3467 carnem
2807 3432 2885 3488 30

358 3499 574 3559 dicere.
646 3500 811 3576 quod
846 3498 1049 3559 sinon
1081 3501 1199 3559 hoc
1236 3518 1375 3559 caro
1413 3509 1505 3559 est
1545 3497 1834 3576 quoniam
1875 3516 1988 3558 nec
2032 3500 2198 3559 Deus
2226 3519 2340 3560 nec
2374 3520 2446 3561 ex
2490 3505 2626 3562 Deo
2667 3521 2782 3562 nec

356 3595 883 3657 consubstantialis
920 3595 1099 3670 Patri,
1131 3596 1238 3657 sed
1278 3616 1352 3657 ex
1384 3594 1614 3656 semine
1655 3594 1858 3655 Dauid
1889 3605 1950 3655 et
1978 3596 2501 3657 consubstantialis
2531 3597 2586 3658 ei
2614 3598 2782 3660 cuius

359 3712 563 3753 semen
593 3705 701 3766 est,
726 3704 787 3753 et
813 3712 939 3754 non
968 3693 1030 3754 id
1059 3694 1226 3771 quod
1256 3705 1464 3754 natum
1486 3705 1579 3753 est
1605 3710 1688 3753 ex
1717 3691 1944 3770 uirgine
1973 3694 2142 3752 Deus
2170 3706 2261 3753 est
2289 3713 2362 3754 ex
2391 3696 2528 3755 Deo
2557 3706 2615 3755 et
2643 3715 2784 3756 con-

359 3790 765 3853 substantialis
794 3793 991 3864 Patri;
1041 3790 1157 3851 nisi
1184 3793 1337 3854 forte
1367 3811 1502 3871 pars
1522 3790 1666 3865 nati,
1689 3801 1867 3868 prout
1887 3790 2018 3868 ipse
2037 3790 2099 3850 in
2122 3788 2494 3853 inferioribus
2526 3796 2781 3871 ‘partem

360 3886 609 3949 Christi'
644 3886 919 3948 nominat
946 3887 1252 3948 deitatem.

440 4000 580 4061 ἀλλ’
601 4002 707 4081 οὐχ
730 3998 769 4079 ἦ
798 4002 923 4064 θεία
951 4004 1129 4078 φύσις
1155 4005 1217 4063 ἐκ
1242 4002 1524 4081 παρθένου

356 4099 705 4182 γεγέννηται,
726 4097 1061 4181 γεγέννηται
1082 4097 1143 4159 δὲ
1171 4103 1231 4159 ἐκ
1257 4100 1360 4176 τῆς
1384 4126 1521 4177 παρ-

2807 3922 2882 3983 35

1705 4003 1810 4063 sed
1834 4021 1957 4062 non
1988 4000 2194 4062 diuina
2222 4014 2430 4062 natura
2457 4023 2530 4063 ex
2555 4002 2784 4082 uirgine

1624 4112 1766 4160 nata.
1806 4111 1914 4173 est,
1959 4112 2134 4160 natus
2176 4112 2378 4161 autem
2422 4112 2512 4162 est
2555 4121 2630 4161 ex
2673 4102 2785 4163 uir-

362 4198 527 4260 θένου
560 4194 594 4256 ὅ
627 4200 691 4257 ἐκ
724 4203 829 4274 τῆς
865 4198 1064 4261 οὐσίας
1100 4204 1205 4273 τῆς
1243 4200 1523 4275 παρθένου
1622 4197 1760 4275 gine
1789 4197 1891 4274 qui
1919 4217 1993 4258 ex
2021 4198 2352 4259 substantia
2377 4197 2620 4279 uirginis
2647 4220 2788 4262 con·

362 4292 611 4360 συστάς·
668 4292 779 4374 οὔχ
824 4292 858 4353 δ
906 4292 1035 4358 θεὰς
1080 4293 1256 4375 λόγος
1312 4298 1374 4354 ἐκ
1422 4297 1524 4371 τῆς
1622 4304 1777 4368 stat3
1821 4313 1944 4355 non
1985 4296 2152 4356 Deus
2177 4297 2442 4357 Verbum
2482 4317 2553 4359 ex
2593 4300 2788 4361 Maria

884 4410 915 4453 4
950 4400 1070 4442 nato
1104 4392 1299 4458 templo
1336 4394 1380 4442 C
1391 4393 1443 4443 V

1594 4409 1651 4457 31
1691 4392 1880 4442 idcirco
1905 4392 2020 4455 (for
2038 4390 2152 4457 hoc)
2182 4394 2225 4443 C
2234 4394 2286 4444 V

1178 4470 1206 4497 ⁴*
1238 4474 1413 4535 [Rom.
1440 4474 1471 4523 i.
1502 4490 1547 4538 3.
1618 4490 1646 4525 2
1672 4474 1804 4523 Tim.
1834 4473 1885 4524 ii.
1914 4474 1984 4537 8]-
