3250 5025
382 1487 463 1535 10
487 1466 830 1550 adquirere
862 1469 1119 1549 possint
1150 1465 1501 1549 pecunias?

390 2044 461 2113 15

472 368 597 433 242

1118 362 1577 417 THEODORUS
1626 358 2210 412 MOPSUES'PENUS

2549 346 2627 429 [I.
2669 364 2764 421 12,
2801 360 2903 426 13-.

473 558 742 602 omnem
775 560 935 603 uero
966 538 1318 603 uerborum
1350 538 1831 621 subsequentes
1869 533 2238 598 uanitatem
2271 532 2599 596 seducunt
2629 529 2890 595 multos„

476 642 644 705 tales
689 651 758 706 et
802 652 1027 706 autem
1072 652 1228 706 sunt
1269 642 1339 705 hi
1386 641 1500 723 qui
1548 662 1637 703 ex
1684 636 2182 702 circumcisione
2243 646 2416 713 sunt,
2481 636 2595 717 qui
2660 636 2893 698 uolunt

478 745 643 827 legis
695 746 1067 809 doctrinam
1120 744 1650 811 Christianorum
1710 741 2253 806 subintroducere
2307 740 2627 821 dogmati.
2718 740 2896 801 unde

478 856 549 911 et
594 867 862 934 necesse
906 858 1009 913 est
1055 858 1128 913 ut
1173 836 1633 913 uehementius
1692 854 2071 929 arguantur,
2116 850 2351 924 utpote
2396 852 2628 906 contra
2675 841 2898 923 aequi·

419 967 449 1033 5
482 961 690 1017 tatem
723 953 1058 1025 docenteS‚
1091 952 1185 1015 ita
1226 960 1299 1014 ut
1331 951 1418 1014 ab
1450 969 1680 1014 eorum
1723 947 2113 1011 seductione
2153 946 2490 1027 simplices
2522 944 2896 1009 liberentur.

483 1076 605 1118 nec
652 1065 875 1119 autem
922 1054 1241 1139 possibile
1286 1063 1387 1117 est
1431 1073 1545 1116 eos
1591 1052 1782 1115 aliter
1827 1072 1866 1113 a
1911 1070 2032 1112 sua
2067 1050 2357 1130 separari
2399 1050 2753 1126 dementia,
2783 1050 2896 1133 qui

480 1176 681 1221 omne
726 1178 895 1240 opus
942 1158 1335 1242 expendunt
1382 1166 1456 1220 ut
1502 1157 1853 1220 uerborum
1908 1173 2176 1217 suorum
2225 1153 2521 1217 uanitate
2557 1156 2899 1217 uniuersas

484 1260 725 1323 domus
766 1262 1173 1335 subuertant,
1208 1271 1275 1323 et
1318 1261 1385 1323 in
1428 1262 1720 1323 deterius
1765 1257 2142 1333 deducant3
2207 1257 2388 1338 quod
2443 1259 2742 1320 maxime
2787 1258 2900 1322 illa

485 1361 736 1426 faciunt
766 1366 1035 1441 ratione,
1069 1376 1142 1429 ut
1172 1363 1607 1448 cupiditatem
1654 1363 1975 1445 pecuniae
2007 1360 2345 1443 expleant,
2377 1370 2445 1424 et
2487 1362 2606 1424 tali
2648 1360 2901 1423 ratione

1590 1466 1756 1529 haec
1791 1466 2020 1528 dicens
2063 1464 2147 1527 de
2190 1463 2322 1526 illis
2362 1464 2474 1545 qui
2508 1485 2595 1527 ex
2628 1464 2902 1528 circum-

486 1574 734 1637 cisione
780 1580 988 1647 erant,
1040 1572 1153 1653 qui
1204 1572 1587 1634 subuertere
1632 1576 1702 1631 et
1747 1569 2062 1631 seducere
2117 1565 2364 1630 multos
2412 1565 2900 1642 adnitebantur‚

488 1676 691 1741 uertit
735 1696 1112 1739 sermonem
1174 1694 1369 1738 suum
1430 1673 1517 1737 ad
1580 1674 1728 1737 illos
1776 1672 1890 1755 qui
1945 1694 2036 1736 ex
2083 1674 2394 1755 gentibus
2445 1671 2902 1751 crediderunt3

489 1778 921 1844 uehementer
967 1800 1081 1843 eos
1134 1799 1420 1861 arguens
1468 1780 1651 1861 quod
1705 1778 1896 1841 multi
1960 1776 2382 1842 Cretensium
2443 1776 2905 1841 seductoribus

490 1882 930 1947 intendebant
958 1907 970 1946 :

611 2034 786 2099 dixit
811 2034 1081 2117 quidam
1109 2055 1187 2097 ex
1210 2033 1318 2110 eis,
1350 2032 1620 2116 quidam
1650 2030 1964 2116 proprius
2004 2053 2222 2095 eorum
2254 2032 2566 2115 propheta
2585 2054 2610 2097 .·
2657 2036 2674 2064 ‘
2701 2031 2910 2097 Cretes

492 2150 738 2223 semper
782 2140 1123 2219 mendaces,
1167 2139 1379 2205 malae
1416 2139 1663 2216 bestiae,
1717 2148 1971 2203 uentres
2003 2137 2227 2221 pegri?

494 2262 721 2306 uerum
750 2254 855 2308 est.

2319 2136 2755 2201 testimonium
2798 2138 2913 2202 ltoc

625 2371 944 2449 quoniam
991 2379 1214 2434 autem
1260 2369 1389 2435 hoc
1432 2370 1519 2435 de
1564 2369 1690 2433 illis
1736 2370 1899 2433 dicit
1943 2369 2288 2451 apostolus
2335 2370 2448 2452 qui
2481 2390 2568 2432 ex
2598 2369 2910 2452 gentibus

495 2472 928 2552 crediderant,
978 2474 1251 2538 euidens
1304 2484 1405 2539 est
1431 2494 1449 2555 ;
1511 2474 1931 2558 ‘proprium’
1993 2484 2217 2539 autem
2278 2480 2540 2538 ‘eorum
2602 2470 2910 2556 poetam'

594 2799 621 2833 α
657 2787 707 2832 et
729 2797 806 2830 om
830 2797 863 2830 r
1004 2793 1033 2842 3
1067 2778 1324 2828 doctrinae
1346 2776 1411 2827 H

497 2866 528 2915 8
562 2865 741 2914 domos
763 2864 831 2912 H

1547 2792 1580 2839 4
1613 2785 1662 2828 et
1683 2793 1762 2826 om
1786 2791 1819 2825 r

1024 2876 1055 2925 9
1088 2861 1415 2926 cupiditatem
1438 2861 1732 2927 pecunieam
1757 2859 1862 2922 (sic)
1893 2859 1971 2910 C*

501 2944 580 2995 C*
782 2959 842 2993 10
874 2951 1081 3008 possunt
1109 2944 1152 2993 C
1161 2942 1187 2967 ⁴*
1210 2943 1275 2992 H
1294 2942 1304 3007 Ι
1333 2944 1457 2992 haec
1484 2941 1980 2992 dicens...dicebatur
2001 2941 2081 3004 [p.
2111 2956 2225 3002 244,
2250 2940 2286 2987 l.
2310 2940 2363 3002 3]
2384 2957 2462 2989 om
2486 2956 2519 2989 r

499 3021 616 3087 (for
633 3019 857 3086 quidam)
887 3020 965 3071 C*
982 3021 1046 3069 H
1066 3019 1075 3083 1
1105 3021 1295 3085 primus
1318 3019 1435 3084 (for
1454 3020 1705 3084 proprius)
1728 3020 1795 3068 H
1814 3017 1823 3082 Ι
1854 3019 2117 3068 Cretenses
2145 3019 2190 3068 C
2210 3015 2357 3082 (corr)

382 2599 469 2646 20
494 2579 893 2662 prophetam
924 2579 1087 2642 dicit
1116 2578 1229 2661 qui
1260 2580 1389 2642 ista
1419 2579 1636 2658 dixit3
1679 2580 1792 2662 qui
1825 2579 2054 2661 utique
2087 2599 2220 2642 non
2253 2577 2465 2642 suerat
2496 2599 2586 2641 ex
2628 2578 2911 2654 IudaeiS,

2504 2776 2538 2827 6
2570 2777 2836 2827 clementia
2859 2779 2925 2828 H

2060 2859 2334 2924 cupiditate
2357 2859 2621 2923 pecuniam
2643 2861 2752 2909 Ην
2775 2858 2786 2924 Ι
2815 2859 2916 2909 tale

2738 2958 2792 3006 15
2829 2941 2916 3006 qui

2495 3017 2556 3068 16
2590 3018 2776 3069 uentris
2804 3022 2847 3072 C
2856 3023 2928 3071 H

1946 2788 1974 2838 5
2009 2775 2197 2826 docens
2223 2776 2294 2825 C*
2319 2777 2380 2826 H

502 3117 562 3169 19
596 3117 767 3152 eorum
790 3117 867 3150 om
891 3101 957 3150 H
976 3104 985 3160 Ι
1013 3108 1182 3165 petam
1206 3099 1321 3166 (for
1337 3099 1557 3166 poetam)
1590 3099 1667 3150 C*
1685 3099 1754 3148 H

570 3317 647 3354 10.
702 3303 817 3352 haec
846 3303 1012 3352 dicens
1041 3301 1100 3350 de
1129 3301 1251 3361 ιἸΙί-τ,
1285 3301 1404 3365 &c.]
1469 3301 1654 3351 Thdt.:

498 3384 655 3433 ταῦτα
685 3383 795 3446 περὶ
834 3384 929 3430 τῶν
962 3383 1200 3431 τάναντία
1232 3382 1557 3431 διδασκόντων
1590 3383 1654 3430 εἰ·

500 3465 621 3522 πών,
648 3464 747 3511 τοῖς
780 3463 1153 3524 ἐξαπατηθεῖσιν
1183 3463 1404 3526 ἐπιφέρει
1428 3464 1519 3523 τὴν
1552 3465 1656 3512 ἑπι-

499 3544 713 3602 τίμησιν·
752 3543 927 3592 ἐθνικοὶ
967 3543 1019 3592 δὲ
1058 3539 1183 3602 ἦσαν
1223 3540 1369 3603 οὗτοι,
1414 3545 1501 3592 οὐκ
1540 3541 1656 3592 Ἰου-

502 3630 642 3690 δαῖοι,
670 3629 750 3678 καὶ
774 3629 917 3677 τοῦτο
948 3628 1117 3689 σαφῶς
1152 3628 1369 3678 διδάσκει
1389 3629 1455 3677 τὰ
1476 3625 1657 3688 era->¹6-

500 3728 644 3772 μενα.

572 3791 651 3841 18.
705 3788 765 3839 de
785 3789 889 3839 illis
908 3789 1042 3851 dicit,
1072 3789 1186 3851 &c.]
1252 3789 1387 3840 That
1420 3791 1472 3849 ἐξ
1505 3785 1662 3838 αὐτῶν

502 3873 547 3925 is
579 3880 669 3924 not
705 3881 759 3923 to
796 3873 861 3923 be
899 3873 1129 3933 referred,
1180 3887 1235 3922 as
1278 3881 1331 3922 at
1377 3873 1481 3923 first
1525 3873 1659 3938 sight

502 3955 665 4020 might
693 3971 897 4022 appear,
929 3961 983 4004 to
1012 3955 1057 4003 ol
1090 3956 1146 4004 ἐκ
1179 3957 1264 4016 τῆς
1297 3953 1553 4016 περιτομῆς
1588 3953 1658 4018 (v.

508 4037 606 4102 ιο),
630 4038 719 4087 but
742 4044 795 4087 to
817 4038 864 4085 ol
888 4032 1077 4100 Κρῆτες
1097 4052 1158 4085 οι·
1178 4038 1221 4086 ol
1245 4037 1438 4095 ἐθνικοί,
1462 4037 1505 4088 is
1526 4037 1660 4086 clear

503 4119 631 4168 from
655 4119 742 4169 the
763 4119 862 4168 fact
884 4119 993 4168 that
1016 4119 1105 4168 the
1126 4127 1245 4182 poet
1268 4117 1385 4167 who
1406 4119 1451 4168 is
1471 4118 1660 4184 quoted

501 4213 606 4250 was
629 4215 660 4248 a
684 4198 881 4248 Greek:
918 4197 971 4248 οὖ
1000 4197 1098 4262 γὰρ
1132 4196 1375 4247 Ἰουδαίων
1409 4197 1662 4260 προφήτης

502 4280 827 4340 Καλλίμαχος
852 4275 1080 4338 ἦν...ἀλλ’
1104 4277 1354 4338 Ἑλλήνων
1378 4275 1441 4340 ἦν
1462 4278 1664 4340 ποιητής

504 4358 719 4420 (Thdt).
782 4359 987 4424 jerome
1008 4359 1217 4410 informs
1238 4375 1298 4409 us
1320 4361 1429 4410 that
1450 4361 1538 4411 the
1558 4361 1664 4411 line

502 4440 637 4490 cited
663 4440 732 4503 by
755 4441 806 4492 S.
849 4439 977 4489 Paul
1008 4440 1050 4488 is
1084 4439 1238 4490 taken
1270 4441 1399 4490 from
1433 4441 1517 4492 the
1550 4445 1662 4504 περὶ

1757 3296 1986 3363 χρησμῶν
2016 3298 2076 3347 of
2094 3298 2181 3349 the
2214 3298 2403 3349 Cretan
2434 3306 2554 3363 poet
2589 3297 2914 3363 Epimenides

1759 3384 1947 3445 (comp.
1973 3379 2114 3430 Socr.
2138 3379 2213 3428 ΗΖ
2232 3379 2303 3428 E.
2326 3378 2395 3428 iii.
2429 3377 2527 3439 16),
2555 3379 2656 3428 and
2687 3379 2794 3430 that
2828 3380 2914 3430 the

1757 3463 1862 3514 first
1903 3463 2045 3512 three
2084 3463 2250 3511 words
2287 3477 2419 3511 were
2457 3461 2616 3511 either
2654 3462 2917 3513 borrowed

1760 3546 1888 3596 from
1926 3545 2251 3610 Epimenides
2286 3560 2343 3594 or
2377 3543 2510 3596 cited
2549 3561 2605 3594 as
2638 3561 2669 3595 a
2705 3546 2919 3610 proverb

1760 3630 1831 3693 by
1886 3627 2241 3684 Callimachus,
2299 3626 2448 3677 when
2505 3625 2780 3692 criticizing
2833 3627 2918 3677 the

1761 3708 1938 3758 claims
1959 3707 2020 3758 os
2034 3707 2120 3757 the
2143 3707 2354 3756 Cretans
2375 3715 2430 3756 to
2453 3722 2650 3771 possess
2671 3707 2755 3757 the
2780 3709 2920 3757 tomb

1760 3791 1820 3841 of
1835 3793 1980 3841 Zeus.
2049 3791 2166 3852 Th„
2193 3791 2296 3840 like
2319 3791 2496 3851 Thdt.,
2525 3807 2685 3842 seems
2717 3800 2769 3842 to
2801 3807 2919 3842 con·

1759 3881 1876 3922 nect
1908 3873 1994 3922 the
2027 3873 2290 3937 quotation
2333 3873 2634 3936 exclusively
2666 3873 2790 3923 with
2834 3873 2920 3924 the

1759 3954 1886 4004 later
1909 3962 2044 4019 poet.
2103 3953 2188 4004 On
2209 3954 2297 4004 the
2319 3961 2422 4004 two
2444 3961 2590 4019 poets
2611 3971 2694 4005 see
2717 3955 2761 4003 F
2760 3955 2916 4006 abric.

1760 4035 1873 4085 bibl.
1905 4035 1995 4086 Gr.
2023 4033 2123 4098 (ed.
2149 4032 2356 4098 Harles)
2382 4047 2419 4084 1.
2443 4049 2494 4099 p.
2525 4049 2603 4098 33,
2639 4047 2727 4086 111.
2751 4037 2866 4099 823.

1835 4133 1909 4183 ¹9·
1973 4117 2402 4180 auten21=enim3
2435 4117 2499 4168 cf.
2533 4119 2694 4183 infra,
2724 4135 2775 4184 p.
2802 4131 2916 4183 245,

1763 4200 1816 4250 11.
1838 4199 1887 4262 6,
1911 4214 1986 4265 ¹9·
2051 4201 2349 4264 prophetam
2361 4215 2388 4260 ;
2419 4215 2586 4265 comp.
2617 4201 2671 4251 S.
2691 4200 2922 4264 Jerome:

1771 4282 1931 4332 “siue
1959 4281 2346 4346 illudens...quo
2378 4281 2532 4330 modo
2565 4289 2616 4332 et
2648 4283 2924 4347 prophetae

1763 4369 1906 4412 erant
1941 4361 2239 4413 Baal...siue
2271 4377 2404 4422 uere,
2449 4362 2568 4427 quia
2605 4362 2672 4412 de
2709 4363 2924 4414 oraculis

1764 4444 2075 4508 scripserit.”
2143 4443 2472 4509 Epimenides
2493 4444 2535 4495 is
2555 4445 2718 4510 styled
2753 4447 2820 4510 by
2843 4446 2928 4498 the
