3250 5025
364 399 379 414 .
487 355 616 425 330

486 529 723 606 κυρίους,
744 531 939 608 ἐπειδή
966 529 1144 608 δήλου
1168 535 1270 592 τοῦ
1288 529 1411 592 κατ’
1439 529 1646 594 οὕσίαν

481 633 644 700 ὄντος
684 638 876 715 κυρίου
916 663 981 698 τε
1022 639 1115 698 καὶ
1151 639 1291 712 υἱοῦ,
1321 636 1646 718 ἀχώριστον

484 743 628 822 ἔχων
672 742 814 822 πρὸς
860 743 1032 805 αὖτὸν
1075 745 1183 821 τήν
1236 744 1555 821 συνάφειαν
1607 743 1645 805 o‘

478 847 622 929 ὑπὲρ
651 854 752 928 τῆς
775 849 1049 932 ἡμετέρας
1071 853 1316 929 ληφθεὶς
1356 853 1644 930 σωτηρίας

417 976 451 1038 5
482 959 935 1037 συναναφέρεται
981 962 1055 1039 τῇ
1098 984 1161 1020 τε
1206 958 1495 1039 ὀνομασίᾳ
1549 959 1644 1020 καὶ

480 1066 553 1143 τῇ
592 1068 731 1144 τιμῇ
770 1069 871 1126 τοῦ
911 1092 975 1127 τε
1009 1068 1132 1127 υἱοῦ
1162 1065 1254 1127 καὶ
1280 1069 1382 1126 τοῦ
1412 1065 1604 1146 κυρίου
1624 1086 1640 1100 ·

480 1169 593 1251 οὐχ
620 1168 812 1252 ὥσπερ
838 1171 997 1250 ἡμῶν
1024 1173 1264 1236 ἕκαστος
1293 1173 1416 1236 καθ’
1444 1170 1642 1234 ἑαυτὸν

476 1275 752 1358 ιῖπάρχων
789 1278 1119 1343 υἱός-ὅθεν
1156 1279 1224 1357 δὴ
1259 1281 1353 1341 καὶ
1388 1284 1405 1312 ‘
1424 1280 1643 1340 πολλοὶ

480 1383 661 1445 υἱοὶ’“““
704 1383 849 1446 κατὰ
889 1385 992 1448 τᾶν
1030 1384 1308 1464 μακάριον
1349 1384 1641 1468 λεγόμεθα

380 1517 455 1558 10
482 1490 996 1554 Παῦλον-ἀλλά
1082 1491 1257 1571 μόνος
1354 1495 1640 1572 ἐξαίρετον

478 1597 622 1678 ἔχων
647 1600 817 1659 τοῦτο
846 1603 904 1658 ἐν
929 1605 1003 1678 τῇ
1023 1600 1166 1678 πρός
1184 1597 1287 1660 τᾶν
1308 1598 1439 1661 θεᾶν
1456 1598 1639 1682 λόγον

478 1706 779 1784 συναφείᾳ,
816 1708 919 1782 τῆς
957 1732 1022 1767 τε
1046 1705 1304 1783 υἱότητος
1341 1706 1435 1766 καὶ
1461 1704 1638 1785 κυριό-

474 1834 644 1887 τητος
688 1812 955 1892 μετέχων,
1013 1809 1233 1890 ἀναιρεῖ
1281 1813 1389 1890 μὲν
1440 1818 1638 1873 πᾶσαν

476 1921 689 1983 ἔννοιαν
736 1920 935 1986 δυάδος
981 1925 1115 1982 υἱῶν
1158 1947 1223 1982 τε
1272 1923 1365 1981 καὶ
1413 1922 1634 1999 κυρίων,

376 2044 446 2106 15
474 2027 713 2108 παρέχει
750 2027 811 2087 δὲ
844 2025 984 2104 ἡμῖν
1022 2031 1081 2087 έν
1108 2029 1182 2108 τῇ
1206 2026 1351 2106 πρός
1375 2025 1476 2088 τᾶν
1504 2025 1638 2088 θεὸν

475 2133 658 2216 λόγον
697 2136 985 2215 συναφείᾳ
1027 2140 1221 2196 πᾶσαν
1264 2135 1417 2214 ἔχειν
1462 2134 1638 2195 αὐτοῦ

472 2240 577 2317 τὴν
618 2242 817 2303 πίστιν
859 2241 953 2300 καὶ
994 2239 1099 2318 τὴν
1139 2239 1357 2301 ἔννοιαν
1397 2239 1491 2301 καὶ
1531 2237 1638 2316 τήν

478 2347 731 2427 θεωρίαν.
816 2348 957 2426 ὕπὲρ
995 2345 1071 2409 ὧν
1110 2345 1178 2423 δή
1208 2349 1301 2408 καὶ
1327 2349 1432 2424 τήν
1456 2373 1635 2427 προσ-

475 2455 715 2533 κύνησιν
768 2452 888 2516 κατ’
940 2453 1240 2535 σῖναφοροῖν
1295 2455 1425 2517 θεοῦ
1478 2457 1638 2535 παρὰ

378 2586 453 2625 20
476 2564 667 2641 πάσης
736 2563 958 2644 δέχεται
1022 2566 1125 2640 τῆς
1180 2566 1429 2626 κτίσεως.
1538 2563 1636 2624 ἕνα

476 2670 663 2732 τοίνυν
725 2668 826 2730 τὸν
876 2668 1000 2728 υἱόν
1054 2672 1245 2745 φαμεν
1296 2668 1391 2727 καὶ
1444 2670 1636 2745 κύριον

476 2773 708 2851 Ἰησοῦν
761 2770 1034 2851 Χριστόν,
1082 2769 1153 2831 δι’
1208 2768 1273 2831 οὗ
1326 2770 1400 2831 τοῖ
1445 2769 1634 2833 πάντα

478 2872 697 2953 ἐγένετο
718 2891 731 2905 ·
791 2866 1169 2948 πρωτοτῦπως
1210 2870 1317 2945 μὲν
1358 2868 1459 2929 τόν
1500 2868 1634 2931 θεὸν

474 2967 653 3049 λόγον
692 2970 947 3029 νοοῦντες
986 2964 1087 3026 τὸν
1128 2963 1247 3026 κατ’
1275 2962 1477 3025 οὐσίαν
1508 2966 1631 3026 υἱόν

369 3079 443 3139 25
472 3066 609 3127 θεοῦ
663 3063 757 3125 καὶ
810 3060 1017 3141 κύριον,
1061 3063 1525 3125 συνεπινοοῦντες
1568 3061 1631 3121 δὲ

469 3171 536 3234 r&
575 3163 1077 3247 ληφθέν,Ἰι-ιεοῨΝ
1122 3162 1240 3227 τὸκ
1284 3160 1409 3227 ἀπὸ
1452 3184 1629 3227 Ναζα-

472 3272 596 3355 Ρέθ,
644 3270 711 3334 ὃν
756 3266 988 3354 expuet-:n
1045 3266 1080 3330 ὁ
1134 3266 1277 3331 θεὸς
1326 3264 1625 3339 πηεγἋΛατι

473 3371 563 3438 καὶ
597 3374 847 3447 ὸΥΝᾶΜΕΙ
864 3382 917 3453 †,
938 3372 1011 3439 nis
1041 3379 1101 3437 ἐν
1126 3381 1201 3454 τῇ
1216 3376 1358 3453 πρὸς
1372 3372 1472 3436 τᾶν
1494 3373 1630 3435 θεᾶν

466 3474 645 3558 λόγον
665 3476 949 3555 συναφείᾳ
966 3470 1220 3549 υἱότιπός
1239 3498 1302 3533 τε
1318 3472 1630 3551 μετέχοντα

362 3597 442 3655 3ο
469 3574 561 3635 καὶ
629 3572 989 3652 κυριότητος·
1068 3569 1132 3636 ὃς
1192 3571 1285 3632 καὶ
1340 3577 1355 3605 ‘
1376 3570 1630 3649 δεύτερος

469 3670 688 3751 Ἀὃοῖμ’
700 3673 734 3750 ‡
764 3672 909 3734 κατὰ
935 3670 1036 3732 τόν
1060 3668 1338 3749 μακάριον
1368 3670 1628 3731 καλεῖται

468 3774 725 3845 Παῦλον,
772 3768 845 3833 ὥς
891 3770 993 3842 riis
1035 3768 1207 3844 αῧτῆς
1248 3768 1355 3844 μὲν
1397 3767 1629 3843 φύσεως

466 3866 735 3949 ὑπάρχων
802 3870 878 3947 τῷ
960 3864 1161 3942 Ἀδάμ,
1217 3862 1509 3935 οἷναδείξας
1564 3862 1626 3923 δὲ

465 3966 602 4045 ἡμῖν
638 3964 743 4042 τήν
771 3963 1106 4043 μέλλουσαν
1131 3961 1499 4035 κατάστασιν,
1534 3959 1628 4022 καὶ

362 4083 435 4145 35
464 4064 759 4142 τοσαύτην
822 4064 963 4145 ἔχων
1028 4060 1170 4140 πρός
1238 4062 1453 4120 ἐκεῖνον
1518 4058 1626 4138 τήν

468 4160 749 4241 διαφορὰν
784 4160 1005 4238 ὄσῆπερ
1045 4156 1116 4219 ἂν
1150 4157 1370 4241 γένοιτο
1405 4160 1509 4217 τοῦ
1552 4156 1624 4217 τὰ

538 4308 558 4343 x
598 4292 664 4345 εἱς
686 4294 799 4358 (for
819 4290 988 4353 δήλου)
1010 4290 1114 4342 edd.
1272 4306 1301 4354 3
1334 4288 1439 4351 ἔχω
1460 4288 1565 4339 edd.

474 4390 532 4441 ¹9
552 4376 637 4428 καὶ
658 4375 775 4441 (sor
793 4372 915 4436 κατ’)
937 4373 1070 4424 codd.
1137 4370 1203 4437 36
1224 4370 1476 4435 ἀναφορὰν
1498 4368 1632 4421 codd.

707 4482 735 4509 ⁴*
770 4482 931 4547 [Heb.
958 4482 1011 4531 ii.
1042 4482 1139 4544 10]-

1400 4479 1436 4534 †
1467 4481 1592 4529 Acts
1612 4495 1662 4528 x.
1689 4480 1768 4543 38.

1443 357 1831 412 APPENDIX
1877 359 1942 411 A.

1742 535 1896 598 filios
1913 555 2112 614 neque
2133 534 2414 598 dominos
2432 537 2604 612 duos,
2617 535 2906 615 quoniam

1739 632 1803 693 in
1849 634 2169 696 manifesto
2217 633 2508 695 existente
2549 634 2653 712 qui
2695 653 2906 695 secun·

1741 731 1886 792 dum
1939 732 2258 794 essentiam
2307 731 2592 794 dominus
2639 744 2700 794 et
2749 733 2904 793 filius

1739 841 1848 904 est,
1893 830 2351 908 inseparabilem
2390 832 2624 892 habens
2657 833 2736 892 ad
2764 851 2904 892 eum

1739 927 2228 989 coniunctionem
2257 939 2316 989 et
2345 928 2695 989 societatem
2723 927 2775 989 is
2800 927 2903 1006 qui
2973 947 3008 1008 5

1739 1047 1848 1105 pro
1903 1039 2104 1088 nostra
2159 1029 2350 1089 salute
2391 1027 2744 1105 adsumptus
2785 1038 2894 1104 est,

1737 1129 2098 1188 conrefertur
2113 1138 2234 1187 tam
2253 1126 2702 1203 nuncupatione
2720 1145 2902 1204 quam

1737 1223 1968 1284 honore
1995 1236 2056 1285 et
2077 1222 2179 1283 filii
2201 1235 2262 1284 et
2290 1222 2557 1298 domini3
2593 1243 2717 1284 non
2746 1222 2901 1284 sieut

1737 1320 2148 1399 unusquisque
2169 1331 2436 1381 nostrum
2456 1339 2531 1382 ex
2551 1340 2618 1381 se
2639 1319 2900 1382 existens

1736 1419 2070 1496 adpellatur
2145 1418 2303 1480 filius
2380 1419 2761 1482 Dei—unde
2837 1431 2900 1481 et
2931 1443 3007 1484 10

1739 1518 1986 1594 ‘plures’
2013 1516 2115 1576 filii
2138 1517 2256 1578 Dei
2276 1516 2546 1592 dicimur,
2566 1519 2899 1579 secundum

1735 1614 1975 1674 beatum
2003 1615 2344 1691 apostolum
2376 1617 2821 1677 Paulum—sed
2847 1614 2898 1676 is

1733 1710 2102 1788 singulariter
2138 1712 2258 1772 hoc
2293 1712 2522 1772 habens
2549 1713 2613 1773 in
2641 1713 2703 1773 id
2731 1714 2897 1791 quod

1737 1810 1875 1870 Deo
1916 1811 2118 1871 Verbo
2159 1809 2513 1872 coniunctus
2559 1821 2666 1886 est,
2709 1810 2896 1890 digni-

1735 1903 1872 1966 tatis
1900 1904 2005 1964 filii
2033 1916 2094 1965 et
2121 1903 2551 1968 dominationis
2579 1905 2891 1984 particeps,
2926 1925 3000 1988 15

1735 2006 1922 2065 aufert
1948 2003 2194 2081 quidem
2224 2005 2476 2065 omnino
2505 2006 2759 2066 duorum
2789 2005 2895 2066 do-

1735 2102 2033 2162 minorum
2043 2112 2104 2162 et
2123 2102 2380 2162 filiorum
2402 2101 2890 2181 intellegentiam,

1733 2209 1992 2276 praestat
2039 2210 2240 2260 autem
2290 2197 2464 2260 nobis
2511 2199 2575 2259 in
2612 2199 2894 2261 coniunc-

1733 2295 1899 2357 tione
1959 2295 2075 2358 Dei
2131 2296 2316 2357 Verbi
2372 2316 2616 2358 omnem
2670 2299 2892 2358 habere

1731 2396 1914 2456 fidem
1926 2414 2286 2473 omnemque
2305 2395 2668 2456 intellectum
2679 2409 2740 2458 et
2755 2417 2895 2458 con·
2921 2422 2998 2462 20

1735 2493 2200 2573 templationem.
2276 2495 2358 2555 ob
2386 2494 2536 2555 haee
2564 2505 2625 2556 et
2652 2514 2894 2557 uenera-

1733 2590 1962 2651 tionem
2003 2610 2076 2651 ex
2116 2589 2235 2650 Dei
2277 2589 2563 2651 societate
2605 2591 2683 2651 ab
2724 2589 2892 2651 omni

1731 2686 1981 2765 percipit
2056 2698 2339 2748 creatura.
2454 2706 2644 2745 unum
2714 2686 2892 2764 igitur

1731 2782 1984 2843 dicimus
2020 2785 2218 2842 Deum
2250 2792 2308 2841 et
2337 2781 2652 2841 dominum
2682 2784 2886 2842 Iesum

1727 2880 2049 2953 Christum,
2100 2900 2206 2958 per
2252 2898 2432 2957 quem
2475 2878 2678 2940 omnia
2731 2881 2890 2941 faeta
2918 2907 2951 2947 2
2961 2906 2994 2966 5

1729 2990 1906 3054 sunt3
1953 2977 2350 3057 principaliter
2391 2977 2639 3055 quidem
2683 2980 2887 3039 Deum

1728 3077 1996 3138 Verbum
2040 3074 2467 3151 intellegenteS‚
2525 3073 2630 3151 qui
2677 3094 2887 3135 seeun-

1727 3176 1873 3237 dum
1901 3172 2218 3236 essentiam
2247 3171 2401 3233 filius
2432 3171 2549 3233 Dei
2579 3184 2670 3233 est
2696 3183 2759 3233 et
2785 3172 2891 3233 do-

1727 3272 1940 3349 minuS,
1967 3272 2186 3351 pariter
2201 3269 2382 3331 etiam
2400 3270 2732 3349 cogitantes
2749 3290 2887 3331 eum

1729 3373 1832 3452 qui
1850 3383 2162 3452 susceptus
2179 3380 2288 3446 est,
2300 3371 2490 3431 Iesum
2507 3390 2546 3430 a
2563 3371 2884 3443 Nazareth,
2914 3394 2992 3452 30

1728 3490 1907 3549 quem
1963 3472 2140 3531 unxit
2187 3475 2358 3532 Deus
2415 3470 2645 3546 Spiritu
2697 3476 2890 3527 sancto

1725 3574 1784 3626 et
1848 3570 2080 3640 uirtute,
2151 3578 2462 3646 tamquam
2531 3565 2610 3625 ad
2682 3564 2884 3624 Deum

1725 3666 1994 3726 Verbum
2029 3666 2354 3727 habentem
2396 3660 2886 3724 coniunctionem

1725 3774 1786 3823 et
1811 3762 2266 3841 participantem
2296 3761 2400 3823 filii
2424 3771 2484 3823 et
2512 3758 2741 3821 domini
2763 3758 2888 3836 dig-

1726 3860 1988 3920 nitatem.
2077 3858 2180 3937 qui
2210 3871 2270 3921 et
2303 3859 2632 3920 ‘secundus
2661 3854 2883 3917 Adam'
2913 3878 2989 3938 35

1724 3957 2074 4034 adpellatur,
2121 3954 2273 4017 sieut
2317 3958 2532 4016 beatus
2576 3954 2884 4030 apostolus

1723 4056 1888 4119 testis
1945 4068 2034 4117 est
2090 4058 2326 4132 PauluS‚
2375 4055 2518 4133 quia
2570 4065 2883 4131 tamquam

1721 4154 1991 4215 eiusdem
2013 4153 2090 4213 sit
2109 4164 2357 4213 naturae
2373 4150 2543 4213 cuius
2557 4161 2651 4211 est
2665 4151 2886 4223 Adam,

2135 4298 2195 4350 37
2229 4284 2317 4352 qui
2339 4284 2443 4337 aid.

2033 4479 2089 4542 [ss
2127 4494 2146 4529 1
2177 4478 2292 4529 Cor·
2321 4492 2400 4529 xv.
2429 4475 2634 4543 452471·
