3250 5025
293 391 410 458 IV.
445 391 536 477 7.]
1011 407 1093 458 IN
1143 407 1248 459 ΕΡ.
1293 409 1397 459 AD
1443 406 1913 459 TIMOTHEUM
1961 406 2005 456 1.
2590 401 2705 470 145

263 585 539 672 justum
589 595 692 650 est
743 595 812 650 te
863 588 1101 652 docere
1155 597 1223 654 et
1293 587 1494 652 alios?
1592 585 1958 650 exhortans
2012 605 2169 648 uero
2219 605 2369 648 eum
2418 583 2483 647 in
2530 578 2715 648 hisce

287 689 482 752 dictis
513 690 916 755 sufficienter
953 700 1028 755 ut
1059 691 1406 755 doctrinae
1447 691 1777 754 inmineat
1818 710 1971 754 cum
2016 688 2200 752 omni
2248 686 2715 765 sollicitudine,

287 793 678 858 dehortatur
721 815 874 859 eum
919 795 1166 878 pariter
1209 816 1293 859 ne
1343 794 1472 858 illis
1533 813 1706 878 quae
1767 795 2097 858 contraria
2142 801 2299 855 sunt
2337 792 2443 856 uel
2484 791 2719 858 leuiter

289 898 613 978 intendat,
647 900 876 964 dicens
908 925 923 964 :

405 1051 732 1132 profanas
759 1061 972 1116 autem
1003 1061 1068 1115 et
1092 1051 1300 1115 aniles
1311 1051 1595 1134 fabulas
1624 1051 1867 1114 deuita.

421 1178 549 1246 hoc
586 1180 695 1245 uel
739 1181 1036 1244 maxime
1084 1201 1242 1263 prae
1281 1180 1516 1243 ceteris
1555 1183 1919 1244 commodo
1956 1180 2211 1243 dictum
2252 1189 2353 1244 est
2392 1179 2479 1243 ab
2520 1200 2717 1263 apos-

291 1279 450 1348 tolo,
539 1283 593 1345 si
653 1284 854 1365 igitur
907 1285 1056 1367 quis
1115 1283 1298 1346 libris
1361 1283 1767 1366 apocryphis
1821 1283 2166 1346 intendere
2218 1283 2521 1355 uoluerit,
2585 1282 2715 1347 illis

294 1409 462 1471 quos
506 1388 752 1452 habere
797 1389 1109 1453 uidentur
1153 1387 1246 1451 illi
1294 1387 1408 1471 qui
1455 1389 1582 1450 ista
1622 1388 1946 1470 dogmata
1987 1386 2398 1470 profitentur,
2444 1388 2717 1452 nomine

295 1492 566 1575 quidem
597 1493 1132 1558 beatissimorum
1167 1492 1386 1555 editos
1417 1492 1897 1574 apostolorum,
1937 1491 2523 1555 daemoniacorum
2555 1511 2717 1556 uero

292 1595 639 1660 hominum
670 1600 1157 1682 conscriptione
1199 1596 1504 1679 repletos,
1538 1596 1894 1680 perspiciet
1930 1596 2260 1659 dictorum
2306 1594 2493 1660 Pauli
2535 1616 2716 1659 com-

297 1699 711 1764 moditatem.
793 1701 888 1764 ita
936 1709 1162 1765 autem
1213 1710 1282 1764 et
1329 1719 1564 1762 omnes
1612 1698 1871 1781 profani
1925 1706 2083 1761 sunt
2130 1719 2467 1764 sermones
2512 1698 2605 1762 illi
2652 1707 2718 1761 et

294 1800 504 1865 aniles
529 1801 792 1868 fabulae
823 1824 996 1886 quae
1028 1803 1094 1867 in
1123 1804 1386 1867 hisdem
1419 1801 1600 1864 libris
1632 1802 2037 1880 inseruntur;
2072 1803 2279 1866 immo
2309 1813 2377 1866 et
2407 1824 2448 1867 a
2478 1803 2721 1867 fabulis

293 1905 582 1970 anilibus
613 1907 764 1990 plus
795 1918 951 1972 sunt
984 1906 1513 1986 execrabilioreS,
1547 1908 1898 1989 spurcitias
1935 1909 2113 1971 enim
2161 1916 2230 1971 et
2260 1907 2720 1972 immunditias

295 2013 642 2076 continent
686 2032 858 2095 quae
904 2033 1026 2076 nec
1074 2033 1266 2076 aures
1311 2010 1662 2073 hominum
1712 2011 2037 2074 sustinere
2088 2018 2465 2092 potuerunt.
2552 2011 2719 2075 haec

293 2137 452 2181 uero
483 2137 682 2199 super
711 2117 1304 2194 dehonorationem
1337 2114 1600 2179 illorum
1634 2135 1806 2197 quae
1837 2113 1923 2178 ab
1955 2113 2351 2177 aduersariis
2381 2111 2718 2178 confincta

297 2231 454 2286 sunt
505 2215 884 2286 commode‘
910 2222 1155 2299 dicenS,
1208 2230 1278 2285 et
1324 2227 1811 2303 consequenter
1868 2217 2421 2301 praecedentibus
2474 2217 2719 2281 adiecit

298 2327 584 2390 iterum:

401 2504 423 2539 1
460 2486 640 2538 docere
663 2492 714 2538 te
736 2487 803 2537 H
1002 2499 1029 2537 α
1064 2485 1338 2536 inmineant
1368 2483 1448 2536 C*
1464 2485 1562 2535 Hr
1769 2501 1800 2546 4
1835 2483 2099 2535 intendant
2118 2482 2213 2549 (om
2233 2481 2423 2547 dicens)
2449 2499 2482 2533 r
2689 2501 2714 2549 5

295 2570 492 2635 ineptas
533 2569 648 2634 (for
688 2568 842 2634 prof.)
870 2584 902 2617 r
1161 2566 1194 2617 6
1227 2567 1484 2635 quomodo
1534 2566 1649 2631 (jbr
1688 2565 1900 2631 comm.)
1947 2568 2014 2617 H
2245 2577 2272 2628 7
2330 2566 2578 2631 apocrisin
2629 2566 2715 2616 C*

293 2650 558 2716 apocrysin
579 2650 648 2699 H
662 2647 672 2713 Ι
702 2650 816 2700 illos
844 2650 888 2700 C
907 2665 940 2697 r
1131 2666 1164 2717 9
1196 2657 1361 2714 apost.
1381 2649 1462 2699 ed.
1487 2638 1556 2697 H
1732 2664 1789 2698 η
1823 2647 1924 2697 illis
1944 2647 2058 2712 (for
2077 2648 2291 2713 hisdem)
2310 2664 2342 2697 r
2520 2662 2576 2711 13
2611 2648 2716 2697 ani-

297 2732 514 2781 malibus
537 2730 658 2795 (sor
674 2730 817 2795 anil.)
846 2731 970 2781 CH
987 2728 996 2795 Ι
1026 2730 1408 2781 exacrabilioree
1435 2730 1478 2779 C
1493 2728 1521 2755 ³
1557 2727 1861 2779 execrabiles
1892 2730 1961 2779 H
1975 2745 2007 2778 r
2275 2742 2331 2793 15
2366 2728 2583 2780 conficta
2618 2730 2685 2779 H
2687 2746 2721 2779 r

301 2812 362 2865 16
395 2820 446 2863 et
463 2828 543 2863 om
570 2812 615 2862 C
634 2808 782 2875 (corr)

372 2974 417 3025 5.
477 2960 748 3027 prqfcmas]
817 2961 888 3013 So
912 2960 977 3012 Ο.
1007 2961 1099 3022 L.;
1131 2960 1307 3025 Vulg.,
1337 2959 1461 3009 “in-

299 3041 494 3109 eptas.‘’

367 3122 416 3175 6.
486 3122 748 3186 commodo]
827 3122 1149 3173 :commode
1161 3138 1178 3183 ς
1213 3138 1296 3172 see
1329 3121 1458 3171 lexx.

372 3218 418 3270 7.
487 3204 634 3255 libris
673 3204 986 3270 apocryphis]
1049 3204 1161 3254 The
1209 3204 1461 3255 reference

301 3284 346 3335 is
369 3292 457 3335 not
481 3292 534 3335 to
557 3284 679 3336 such
704 3285 914 3335 Gnostic
936 3285 1102 3335 works
1125 3300 1180 3335 as
1202 3285 1289 3335 the
1313 3285 1464 3334 Ἀπό-

304 3374 456 3429 φασις
476 3368 674 3429 μεγάλη
695 3382 752 3416 or
776 3367 863 3416 the
885 3366 1058 3415 Πίστις
1082 3366 1248 3426 σοφία,
1274 3366 1364 3416 but
1391 3364 1464 3429 (as

301 3446 390 3496 the
403 3446 573 3511 sequel
587 3445 769 3506 shews)
781 3453 835 3495 to
849 3445 978 3495 their
991 3444 1221 3510 spurious
1231 3445 1464 3510 Gospels,

303 3530 449 3587 Acts»,
473 3530 574 3578 and
598 3529 948 3595 Apocalypses
961 3545 978 3588 ς
1002 3528 1067 3578 cf.
1095 3528 1278 3579 Euseb.
1301 3528 1372 3577 H.
1391 3530 1460 3579 E.

303 3624 394 3662 111.
434 3610 527 3669 26;
569 3610 654 3661 τὰς
694 3612 935 3671 ὀνόματι
967 3610 1078 3659 τῶν
1115 3606 1466 3659 ἀποστόλων

303 3693 446 3755 πρὸς
477 3694 592 3740 τῶν
622 3689 928 3754 αἱρετικῶν
950 3696 1307 3757 προφερομένας
1329 3693 1468 3757 [γρα-

306 3774 443 3836 φός],
472 3776 581 3833 ἤτοι
598 3775 658 3823 ὥς
680 3776 870 3837 Πέτρου
894 3777 974 3825 καὶ
990 3777 1142 3838 Θωμᾶ
1155 3778 1234 3826 καὶ
1249 3778 1466 3834 Ματθία,

303 3854 338 3917 ἦ
366 3858 449 3905 καί
468 3874 612 3906 τινων
632 3855 760 3920 παρὰ
780 3860 973 3908 τούτους
1007 3859 1171 3907 ἀλλων
1200 3861 1470 3922 εὐαγγέλια

307 3940 642 4000 περιεχούσας,
673 3938 734 3987 ὡς
763 3937 988 4000 Ἀνδρέου
1023 3941 1102 3988 καὶ
1137 3939 1359 3989 Ἰωάννου
1391 3941 1469 3988 καὶ

304 4014 404 4066 τῶν
427 4014 590 4066 ἄλλων
617 4016 906 4068 ἀποστόλων
931 4020 1141 4083 πράξεις.
1168 4032 1247 4069 1v.
1270 4036 1356 4084 23:
1390 4022 1470 4070 scal

306 4100 418 4161 περὶ
472 4095 571 4147 τῶν
613 4100 892 4159 λεγομένων
943 4102 994 4149 δὲ
1043 4104 1056 4127 ‘
1076 4098 1469 4164 ἀποκρύφων’

307 4181 650 4244 διαλαμβάνων
681 4180 1055 4244 [Ἡγήσιππος],
1091 4183 1173 4231 ἐπὶ
1201 4178 1296 4231 τῶν
1326 4179 1474 4231 αὐτοῦ

309 4266 496 4327 χρόνων
555 4264 696 4327 πρός
748 4282 925 4315 τινων
1002 4261 1312 4326 αίρετικῶν
1360 4262 1470 4313 ἅνα-

309 4347 602 4395 ren->iaceat
622 4344 729 4395 τινα
749 4348 930 4395 τούτων
965 4348 1162 4410 ἱστορεῖ.
1227 4346 1340 4396 The
1357 4347 1472 4396 sub·

302 4430 408 4495 ject
438 4430 529 4479 has
569 4430 700 4480 been
742 4431 1054 4495 abundantly
1088 4430 1366 4480 illustrated
1406 4431 1474 4494 by

309 4514 443 4563 Prof.
473 4513 674 4579 Lipsius
703 4513 754 4563 in
780 4514 865 4563 the
900 4514 1033 4563 Dici.
1063 4514 1126 4578 of
1150 4513 1272 4562 Chr.
1299 4512 1472 4575 Bt'qcr.

496 4627 550 4677 S.
599 4626 670 4677 11.

1560 2959 1781 3022 [articles
1820 2961 1943 3011 Acts
1976 2960 2331 3025 (apocryphab),
2379 2960 2715 3025 Apocalypses,

1565 3042 1760 3107 Gospels
1784 3041 2159 3108 (apocrypham.

1629 3125 1805 3190 Chrys.
1842 3126 2046 3190 regards
2076 3126 2162 3175 the
2196 3126 2428 3187 γραώδεις
2459 3126 2633 3185 μύθους
2665 3142 2719 3176 as

1561 3204 1645 3257 τὰς
1690 3205 1933 3256 Ἰουδαίων
1988 3206 2363 3270 παρατηρήσεις,
2409 3209 2508 3258 and
2554 3208 2595 3257 is
2628 3208 2719 3257 fol-

1563 3285 1727 3337 lowed
1763 3288 1833 3351 by
1875 3286 2053 3346 Thdt„
2094 3286 2209 3337 who
2247 3289 2473 3353 explains
2516 3290 2624 3339 that
2657 3290 2723 3339 he

1563 3385 1736 3419 means
1766 3371 1821 3417 οὐ
1841 3370 1926 3417 τὸν
1948 3369 2110 3429 νόμον,
2146 3367 2276 3419 ἀλλὰ
2303 3368 2394 3429 τὴν
2423 3372 2725 3433 ἐψευσμένην

1564 3451 1816 3514 ἑρμηνείαν
1833 3448 1921 3499 τοῦ
1954 3451 2095 3509 νόμου
2119 3452 2199 3500 καὶ
2229 3449 2318 3511 τὴν
2350 3452 2541 3513 ἄκαιρον
2576 3451 2727 3502 αὐτοῦ

1567 3529 1809 3593 φυλακῆν.
1879 3531 2005 3582 Oec.
2039 3540 2235 3598 repeats
2258 3533 2398 3583 these
2431 3534 2597 3593 vieWS,
2631 3536 2725 3585 but

1565 3616 1709 3673 adds,
1732 3614 1946 3679 perhaps
1966 3614 2086 3664 with
2101 3614 2351 3665 reference
2372 3616 2559 3666 to'rh.:
2593 3614 2625 3676 ἢ
2646 3620 2727 3666 καὶ

1566 3700 1677 3759 περὶ
1722 3695 1985 3757 ἐλληνικῶν
2040 3700 2121 3748 καὶ
2175 3696 2424 3763 αὶρετικιῗν
2478 3701 2727 3766 φλυαριῶν

1567 3774 1727 3827 ταῦτα
1749 3779 1905 3840 λέγει.

1639 3876 1713 3910 12.
1780 3860 1933 3925 asab.
1956 3862 2083 3911 anil-
2096 3862 2217 3927 plus
2248 3870 2371 3913 sunt
2397 3863 2574 3926 exten]
2640 3864 2720 3915 Cf.

1567 3941 1789 4002 Ronsch,
1818 3942 1971 4001 Itala,
1996 3958 2081 4007 pp.
2107 3956 2217 4011 279,
2248 3956 2358 4005 452.

1594 4086 1600 4093 .
1640 4038 1711 4085 15.
1779 4030 1931 4086 super
1961 4022 2417 4086 dehonorationem]
2437 4043 2483 4065 =
2502 4024 2581 4073 ἐπὶ
2628 4023 2729 4075 ἀτι-

1568 4105 1675 4165 μίᾳ.
1744 4103 1846 4153 For
1874 4104 1963 4153 the
1996 4105 2135 4154 word
2169 4104 2233 4155 cf.
2270 4106 2509 4167 Paucker,
2548 4108 2727 4159 subrel.

1567 4186 1681 4236 add.
1703 4187 1829 4236 lexx.
1852 4188 1938 4235 lat.
1979 4188 2369 4238 I’mekonoratio
2384 4205 2559 4241 occurs
2572 4192 2733 4241 above

1569 4270 1629 4329 (1.
1658 4286 1707 4334 p.
1741 4285 1846 4329 110,
1877 4269 1909 4319 l.
1940 4271 2009 4337 9),
2046 4270 2145 4321 and
2170 4271 2228 4321 de
2250 4272 2494 4323 honorare
2516 4274 2732 4325 isfound

1570 4350 1622 4399 in
1656 4350 1861 4400 Salvian
1894 4348 2136 4415 (Ronsch.
2159 4368 2209 4417 p.
2240 4352 2368 4417 203).

1634 4432 1895 4497 confincta]
1964 4433 2040 4485 Cf.
2068 4436 2292 4494 Ronsch‚
2316 4436 2475 4495 Itala,
2507 4453 2555 4502 p.
2582 4452 2697 4502 295.

2490 4636 2565 4681 10

2754 1608 2832 1656 10
