3250 5025
527 394 649 456 140
1192 387 1653 438 THEODORUS
1702 384 2287 436 MoPsUEerNUs
2560 370 2708 455 [IV.
2752 389 2867 434 1—
2880 387 2935 452 3.

515 562 768 626 haeresi
816 571 882 625 et
929 583 1163 625 omnes
1203 561 1316 645 qui
1363 560 1690 625 eiusmodi
1734 569 1907 633 sunt,
1942 560 2247 623 similiter
2281 559 2429 642 quis
2475 559 2829 642 perspiciet
2869 569 2940 623 et

518 665 784 747 nuptias
816 666 1182 746 dampnare
1214 673 1281 728 et
1312 684 1610 728 escarum
1644 684 1837 727 usum
1868 664 2056 746 quasi
2090 664 2516 727 inhonestum
2548 665 2937 742 criminare;

515 776 584 830 et
614 768 796 850 quod
837 769 1226 831 adnitantur
1263 766 1613 830 ostendere
1655 786 1922 829 carnem
1965 786 2006 829 a
2048 765 2346 828 Domino
2379 785 2511 828 non
2554 765 2757 828 fuisse
2796 783 2939 826 sus-

517 878 802 951 ceptam.
895 871 1377 933 intendendum
1423 889 1584 932 uero
1628 867 2196 951 quemadmodum
2238 868 2650 930 amarissime
2689 885 2941 928 memo-

452 983 482 1050 5
520 981 702 1034 ratus
743 991 989 1047 eorum,
1023 981 1091 1035 et
1137 981 1211 1035 ut
1257 972 1687 1035 uehementer
1732 971 2038 1034 instituat
2082 972 2168 1034 de
2214 969 2342 1033 illis
2378 971 2493 1052 qui
2536 969 2663 1032 ista
2700 968 2938 1032 docere

520 1079 586 1140 in
636 1079 1014 1141 nouissimis
1050 1078 1463 1159 temporibus
1499 1077 1836 1158 incipient,
1886 1075 2235 1157 spirituum
2283 1074 2653 1137 alienorum
2707 1073 2967 1156 seduc--

521 1183 737 1245 tiones
782 1202 896 1245 eas
941 1202 1085 1244 esse
1115 1183 1360 1257 dicenS,
1393 1189 1462 1244 et
1493 1185 1508 1212 ‘
1527 1181 1866 1243 doctrinas
1896 1179 2401 1243 daemoniorum
2422 1178 2436 1203 ’
2467 1197 2718 1241 uocans
2750 1176 2897 1239 illas
2923 1197 2938 1253 ;

521 1283 615 1345 sic
661 1303 934 1365 grauem
965 1283 1202 1346 horum
1248 1281 1725 1364 professionem
1776 1302 1921 1344 esse
1968 1281 2416 1345 existimabat.
2504 1280 2675 1344 bene
2716 1289 2941 1342 autem

522 1387 840 1471 quoniam
909 1387 1085 1450 dixit
1143 1385 1502 1467 hypocrisin
1550 1387 1993 1448 mendacium.
2081 1405 2315 1449 omnes
2377 1385 2484 1446 isti
2527 1384 2941 1449 Christianos

421 1505 498 1552 10
524 1511 596 1554 se
662 1512 807 1554 esse
867 1489 1184 1554 simulant
1257 1499 1328 1554 et
1400 1491 1705 1554 doctrina
1772 1510 1892 1553 sua
1959 1488 2280 1552 maiorem
2349 1509 2421 1552 se
2487 1497 2713 1552 tenere
2790 1508 2942 1570 pro-

525 1597 801 1661 mittunt
837 1596 1235 1675 castitatem,
1277 1594 1560 1658 multum
1612 1614 1773 1657 uero
1824 1593 2093 1675 pietatis
2130 1593 2459 1656 contraria
2496 1612 2613 1654 eos
2654 1591 2767 1674 qui
2818 1590 2940 1654 sibi

525 1700 994 1783 obtemperant
1058 1700 1144 1763 de
1205 1698 1474 1763 Christo
1534 1699 1773 1762 docere
1832 1698 2266 1775 adnituntur3
2326 1697 2556 1762 omnia
2607 1718 2769 1760 uero
2828 1695 2942 1760 illa

525 1822 697 1884 quae
727 1802 1033 1867 luxuriae
1063 1811 1220 1866 sunt
1259 1801 1477 1884 plena,
1507 1821 1681 1884 quae
1710 1809 1779 1864 et
1819 1820 2089 1863 ornnem
2122 1800 2189 1864 in
2234 1820 2305 1862 se
2349 1799 2695 1862 continent
2726 1797 2945 1880 praui-

527 1915 757 1982 tatem‚
788 1904 913 1986 ipsi
939 1904 1112 1966 inter
1141 1923 1212 1966 se
1244 1923 1439 1985 agere
1471 1922 1622 1966 cum
1658 1901 1839 1965 omni
1872 1911 2231 1984 properant
2264 1900 2725 1964 sollicitudine.
2772 1919 2947 1982 quae

422 2013 492 2080 15
529 2009 830 2091 inprimis
877 2009 960 2070 ad
1001 2005 1273 2089 plenum
1325 2005 1516 2069 silere
1564 2006 1917 2082 uidentur;
1966 2003 2151 2067 atubi
2183 2024 2343 2067 uero
2378 2023 2496 2085 per
2527 2001 2709 2065 illam
2740 2021 2943 2084 quarn

435 2127 440 2134 ·
527 2111 759 2175 ineunt
805 2109 1297 2173 simulationem
1346 2108 1637 2192 aliquem
1688 2109 2012 2170 instanter
2057 2106 2316 2169 suaderi
2364 2105 2487 2168 sibi
2542 2124 2661 2186 per
2718 2102 2945 2165 omnia

527 2211 838 2288 fecerunt,
873 2221 1032 2274 tunc
1065 2209 1178 2274 illa
1217 2211 1633 2274 sermonibus
1676 2209 2077 2292 quibusdam
2119 2209 2463 2272 adducunt
2507 2207 2592 2270 ad
2634 2206 2945 2277 medium,

528 2316 887 2378 suadentes
919 2323 992 2377 ut
1024 2314 1139 2377 illa
1169 2323 1494 2396 peragant
1524 2313 1716 2395 quasi
1763 2311 2032 2394 pietatis
2074 2329 2278 2392 opera
2316 2295 2735 2392 perficientes
2774 2323 2946 2388 quae

527 2417 749 2481 omnis
793 2425 951 2480 sunt
992 2417 1346 2500 spurcitiae
1384 2415 1601 2500 plena.
1692 2425 1759 2478 et
1788 2415 1917 2478 hoc
1957 2414 2251 2476 inueniet
2292 2412 2441 2494 quis
2479 2410 2533 2473 si
2572 2407 2684 2472 illa
2722 2407 2949 2470 omnia

634 2624 655 2657 1
703 2622 831 2673 quos
852 2606 1091 2672 perspicit
1119 2607 1164 2656 C
1184 2603 1331 2672 (corr)
1567 2621 1594 2655 α
1630 2604 1883 2654 criminari
1912 2602 1956 2652 C
1970 2603 2119 2664 (corr)
2134 2618 2167 2650 r
2414 2599 2447 2650 6
2478 2598 2812 2663 malignorum
2836 2596 2953 2662 (for

527 2688 700 2749 alien.)
724 2705 757 2737 r
873 2702 906 2751 9
939 2688 992 2737 in
1013 2686 1267 2753 hypocrisi
1300 2686 1679 2737 mendaciorum
1707 2687 1751 2737 C
1770 2686 1919 2747 (corr)
1944 2685 1997 2734 in
2028 2682 2278 2749 hypocrisi
2302 2681 2612 2747 loquentium
2635 2680 2949 2730 mendacium

528 2786 561 2820 r
586 2768 595 2835 Ι
624 2785 743 2820 nam
767 2766 1074 2835 (befornnes)
1096 2769 1202 2818 add
1217 2786 1252 2818 r
1459 2784 1481 2819 1
1494 2784 1513 2817 1
1552 2768 1728 2834 pietati
1758 2767 1799 2817 C
1824 2766 1969 2831 (corr)
2170 2780 2227 2815 ια
2263 2764 2503 2813 adnititur
2540 2763 2585 2812 C
2598 2762 2627 2787 ⁴*
2642 2764 2709 2812 H
2890 2776 2948 2825 14

527 2866 676 2915 agere
701 2850 946 2915 (astinter
977 2848 1050 2915 se)
1072 2866 1152 2899 om
1180 2850 1224 2900 C
1250 2847 1259 2914 Ι
1285 2850 1457 2899 omnia
1477 2850 1539 2899 H
1736 2860 1792 2910 15
1827 2847 1982 2897 adubi
2010 2843 2205 2911 C‘Hl
2232 2846 2297 2895 ad
2329 2846 2470 2895 illam
2492 2860 2622 2910 quae
2643 2845 2710 2893 H
2891 2856 2947 2907 17

527 2932 737 2983 fecerint
765 2932 809 2982 C
830 2931 978 2992 (corr)
1008 2928 1017 2996 Ι
1047 2931 1100 2980 in
1137 2929 1250 2995 (sor
1267 2928 1352 2995 ad)
1379 2946 1412 2978 r
1577 2943 1639 2994 19
1672 2928 1811 2980 omni
1830 2928 1949 2993 (for
1966 2927 2151 2988 omnis)
2180 2925 2349 2977 C'H
2356 2942 2391 2975 r

528 3095 610 3145 καὶ
624 3091 958 3155 Ἐγκρατιτῶν
973 3094 1054 3143 καὶ
1069 3092 1449 3155 Μαρκιωνιστῶν
1468 3092 1546 3142 καὶ
1564 3110 1687 3142 ταν·
1790 3089 2041 3139 Ambrstr.
2070 3089 2143 3138 ad
2155 3089 2207 3138 h.
2235 3088 2289 3149 l.,
2320 3088 2455 3138 cited
2482 3087 2535 3136 in
2562 3086 2650 3138 the
2682 3086 2778 3137 last
2810 3092 2945 3135 note.

527 3178 608 3227 τὸς
645 3177 804 3225 αὐτῶν
839 3177 924 3225 τοῦ
961 3176 1284 3239 ἐργαστηρίου
1321 3176 1475 3225 ταῦτά
1515 3184 1687 3238 φησιν.

531 3258 809 3308 Ambrstr.:
879 3258 1152 3308 “doctrina
1158 3296 1275 3308 ......
1283 3274 1412 3323 quae
1455 3273 1588 3308 nunc
1634 3257 1688 3308 in

531 3338 862 3396 Marcionitis,
890 3338 1120 3405 quamuis
1143 3354 1306 3403 paene
1331 3338 1682 3398 defecerint‚...

529 3430 615 3473 aut
645 3423 862 3473 maxime
888 3424 942 3473 in
973 3421 1283 3473 Manichaeis
1305 3422 1594 3480 denotatum
1628 3421 1683 3472 hi

530 3506 665 3556 enim
687 3513 739 3556 et
761 3506 1016 3556 Christum
1049 3512 1222 3555 natum
1261 3512 1447 3569 negant
1479 3513 1530 3555 et
1559 3519 1687 3568 nup·

531 3589 627 3640 tias
676 3590 944 3654 prohibent
997 3595 1046 3639 et
1089 3588 1444 3638 abstinendum
1488 3602 1520 3637 a
1562 3586 1688 3637 cibis

531 3671 746 3721 tradunt.
756 3667 787 3691 ”

597 3751 971 3813 Marcionistas]
1048 3755 1080 3778 ‘⁴
1099 3750 1428 3800 Marcionitae
1443 3749 1473 3774 ”
1513 3749 1555 3799 is
1602 3750 1689 3799 the

530 3832 660 3883 form
697 3834 820 3882 used
851 3832 919 3896 by
947 3832 1226 3881 Tertullian
1255 3832 1334 3893 (de
1361 3838 1576 3895 praescr.
1605 3845 1683 3899 29,

529 3916 650 3965 adu.
695 3915 862 3964 Marc.
912 3914 980 3974 8),
1027 3913 1249 3978 Cyprian
1294 3916 1382 3977 (cp.
1437 3924 1497 3975 73
1541 3914 1568 3974 g
1613 3912 1684 3975 4),

531 3998 777 4047 Ambrstr.
801 3996 853 4060 (1.
863 3994 931 4059 c.)
945 4013 958 4055 ς
985 4000 1016 4023 “
1029 3992 1422 4045 Marcionistae'’
1443 3994 1688 4059 (Μαρκιω-

533 4076 719 4138 nervis,
751 4078 966 4143 Hippol.
999 4078 1128 4142 phil.
1163 4076 1246 4127 vii.
1281 4078 1360 4141 31)
1394 4078 1436 4126 is
1459 4077 1612 4127 found
1636 4077 1691 4127 in

533 4160 618 4210 the
649 4159 833 4223 jurists.
901 4159 1275 4216 Marcianistas,
1322 4160 1689 4217 Valentiniani,

532 4257 618 4291 are
645 4242 772 4290 both
800 4240 1016 4306 perhaps
1045 4257 1205 4291 errors
1227 4240 1286 4291 of
1308 4242 1689 4307 transcription3

534 4322 906 4382 mamam-rav
962 4338 1190 4387 appears,
1251 4322 1498 4383 however,
1559 4338 1615 4373 as
1660 4340 1691 4374 a

531 4404 685 4455 varia
706 4404 842 4455 lectio
861 4402 912 4453 in
935 4404 1112 4470 Chrys.
1139 4404 1178 4453 1.
1191 4420 1232 4454 c.

604 4504 649 4539 ι.
715 4493 762 4537 et
805 4485 1008 4551 nuptias
1057 4486 1346 4551 dampnare,
1399 4487 1517 4550 &c.]
1601 4488 1687 4540 Cs.

1791 3171 1868 3221 As
1902 3180 1956 3221 to
1980 3170 2229 3231 Marcion,
2258 3186 2425 3235 comp.
2458 3170 2597 3222 Tert-
2630 3171 2749 3219 adu.
2780 3171 2944 3219 Marc.

1795 3269 1843 3304 1:
1870 3258 1901 3281 “
1919 3254 2119 3318 nuptias
2142 3251 2418 3313 abstulit;”
2448 3253 2506 3303 de
2526 3254 2679 3302 itinn.
2710 3267 2789 3317 15:
2826 3252 2947 3315 “[a-

1786 3337 2035 3403 postolus]
2064 3338 2297 3403 reprobat
2328 3337 2440 3387 illos
2470 3337 2555 3402 qui
2586 3336 2792 3387 iubeant
2821 3337 2946 3388 cibis

1789 3420 2055 3479 abstinere,
2104 3419 2194 3469 sed
2243 3419 2307 3469 de
2363 3418 2679 3482 prouidentia
2734 3418 2948 3485 Spiritus

1788 3503 1949 3553 sancti
1984 3503 2349 3567 praedamnans
2388 3502 2489 3550 iam
2527 3501 2801 3551 haereticos
2838 3518 2947 3567 per-

1791 3593 1995 3649 petuam
2058 3583 2412 3633 abstinentiam
2479 3593 2831 3649 praecepturos
2884 3588 2949 3636 ad

1790 3666 2093 3717 destruenda
2109 3674 2159 3715 et
2173 3665 2497 3730 despicienda
2514 3681 2667 3729 opera
2682 3666 2946 3725 Creatoris,

1790 3749 1964 3813 quales
2002 3748 2255 3797 inueniam
2294 3748 2428 3811 apud
2469 3746 2849 3810 Marcionem;”
2891 3751 2949 3800 de

1788 3845 1941 3879 carne
1977 3830 2099 3879 Chr.
2140 3842 2193 3878 1:
2258 3828 2597 3891 “[Marcion],
2646 3837 2704 3879 ut
2746 3845 2946 3881 carnem

1791 3911 1977 3963 Christi
2022 3918 2243 3975 negaret,
2283 3910 2484 3979 negauit
2524 3911 2676 3960 etiam
2714 3912 2946 3963 natiuita-

1791 3992 1948 4045 tem.”
2014 3993 2229 4058 Hippol.
2244 3993 2377 4058 phil.
2402 3993 2486 4043 vii.
2513 4008 2611 4057 30:
2642 3994 2761 4055 φέρε
2796 3996 2872 4056 δή,
2912 3992 2950 4045 ὦ

1794 4076 2295 4140 Μαρκίων...κωλύεις
2336 4078 2529 4138 γαμεῖν,
2575 4075 2793 4135 τεκνοῦν,
2832 4075 2947 4129 ἀτέ-

1792 4159 1971 4219 χεσθαι
1991 4154 2275 4221 βρωμάτων.

1858 4254 1907 4305 9.
1972 4255 2141 4289 omnes
2161 4239 2248 4288 isti
2268 4239 2595 4301 Christianos,
2616 4240 2735 4302 δια]
2766 4242 2950 4293 Thdt.:

1791 4323 1849 4370 τὸ
1888 4324 1939 4371 δὲ
1984 4323 2057 4372 *ἐν
2102 4322 2349 4383 ὑποκρίσει
2393 4322 2465 4387 up!
2504 4325 2731 4381 τέθεικεν,
2782 4324 2949 4383 ἐπειδὴ

1790 4406 1881 4464 τὴν
1912 4410 2248 4469 χριστιανικὴν
2276 4406 2462 4456 ἑαυτοῖς
2490 4408 2737 4457 ἐπιθέντες
2766 4424 2947 4471 προση-

1790 4488 1961 4550 ’γορίαν
1982 4486 2197 4551 ἄντικρυς
2220 4488 2412 4536 ἐναντία
2435 4488 2753 4539 διδάσκουσιν.
