<?xml version="1.0" encoding="UTF-8"?>
<!DOCTYPE html PUBLIC "-//W3C//DTD XHTML 1.0 Transitional//EN"
    "http://www.w3.org/TR/xhtml1/DTD/xhtml1-transitional.dtd">
<html xmlns="http://www.w3.org/1999/xhtml" xml:lang="en" lang="en">
 <head>
  <title>
</title>
<meta http-equiv="Content-Type" content="text/html;charset=utf-8" />
  <meta name='ocr-system' content='tesseract 3.04.00' />
  <meta name='ocr-capabilities' content='ocr_page ocr_carea ocr_par ocr_line ocrx_word'/>
</head>
<body>
  <div class='ocr_page' id='page_1' title='image "./theodoriepiscop01swetgoog_0018.png"; bbox 0 0 3250 5025; ppageno 0'>
   <div class='ocr_carea' id='block_1_1' title="bbox 387 2768 470 2816">
    <p class='ocr_par' dir='ltr' id='par_1_1' title="bbox 387 2768 470 2816">
     <span class='ocr_line' id='line_1_1' title="bbox 387 2768 470 2816; baseline 0.012 -1"><span class='ocrx_word' id='word_1_1' title='bbox 387 2768 470 2816; x_wconf 92' lang='lat'>20</span> 
     </span>
    </p>
   </div>
   <div class='ocr_carea' id='block_1_2' title="bbox 1145 338 2241 395">
    <p class='ocr_par' dir='ltr' id='par_1_2' title="bbox 1145 338 2241 395">
     <span class='ocr_line' id='line_1_2' title="bbox 1145 338 2241 395; baseline 0.001 -3"><span class='ocrx_word' id='word_1_2' title='bbox 1145 342 1603 394; x_wconf 87' lang='lat' dir='ltr'>THEODORUS</span> <span class='ocrx_word' id='word_1_3' title='bbox 1653 338 2241 395; x_wconf 88' lang='lat' dir='ltr'>MOPSUESTENUS</span> 
     </span>
    </p>
   </div>
   <div class='ocr_carea' id='block_1_3' title="bbox 2554 329 2901 412">
    <p class='ocr_par' dir='ltr' id='par_1_3' title="bbox 2554 329 2901 412">
     <span class='ocr_line' id='line_1_3' title="bbox 2554 329 2901 412; baseline 0.003 -21"><span class='ocrx_word' id='word_1_4' title='bbox 2554 329 2632 412; x_wconf 92' lang='lat'>[1.</span> <span class='ocrx_word' id='word_1_5' title='bbox 2669 330 2791 391; x_wconf 90' lang='grc'>8-</span> <span class='ocrx_word' id='word_1_6' title='bbox 2807 345 2901 392; x_wconf 86' lang='lat'>10·</span> 
     </span>
    </p>
   </div>
   <div class='ocr_carea' id='block_1_4' title="bbox 480 514 2903 702">
    <p class='ocr_par' dir='ltr' id='par_1_4' title="bbox 480 514 2903 702">
     <span class='ocr_line' id='line_1_4' title="bbox 611 514 2903 600; baseline 0 -21"><span class='ocrx_word' id='word_1_7' title='bbox 611 520 628 547; x_wconf 94' lang='lat'>‘</span> <span class='ocrx_word' id='word_1_8' title='bbox 647 534 768 579; x_wconf 92' lang='lat' dir='ltr'>uos</span> <span class='ocrx_word' id='word_1_9' title='bbox 799 516 976 579; x_wconf 91' lang='lat' dir='ltr'>enim</span> <span class='ocrx_word' id='word_1_10' title='bbox 1010 516 1436 599; x_wconf 85' lang='lat' dir='ltr'>inspicientes</span> <span class='ocrx_word' id='word_1_11' title='bbox 1467 517 1560 580; x_wconf 91' lang='lat' dir='ltr'>illi</span> <span class='ocrx_word' id='word_1_12' title='bbox 1591 517 1706 600; x_wconf 90' lang='lat' dir='ltr'>qui</span> <span class='ocrx_word' id='word_1_13' title='bbox 1739 517 1806 582; x_wconf 86' lang='lat' dir='ltr'>in</span> <span class='ocrx_word' id='word_1_14' title='bbox 1839 516 2239 583; x_wconf 87' lang='lat' dir='ltr'>Macedonia</span> <span class='ocrx_word' id='word_1_15' title='bbox 2263 526 2419 581; x_wconf 88' lang='lat' dir='ltr'>sunt</span> <span class='ocrx_word' id='word_1_16' title='bbox 2438 528 2507 584; x_wconf 91' lang='lat' dir='ltr'>et</span> <span class='ocrx_word' id='word_1_17' title='bbox 2530 514 2809 590; x_wconf 87' lang='lat' dir='ltr'>Achaia,</span> <span class='ocrx_word' id='word_1_18' title='bbox 2834 524 2903 580; x_wconf 86' lang='lat' dir='ltr'>et</span> 
     </span>
     <span class='ocr_line' id='line_1_5' title="bbox 480 617 2901 702; baseline -0 -21"><span class='ocrx_word' id='word_1_19' title='bbox 480 617 760 681; x_wconf 88' lang='lat' dir='ltr'>credunt</span> <span class='ocrx_word' id='word_1_20' title='bbox 811 627 880 682; x_wconf 92' lang='lat' dir='ltr'>et</span> <span class='ocrx_word' id='word_1_21' title='bbox 926 619 1256 683; x_wconf 89' lang='lat' dir='ltr'>sustinent</span> <span class='ocrx_word' id='word_1_22' title='bbox 1299 622 1848 702; x_wconf 85' lang='lat' dir='ltr'>persecutionem,</span> <span class='ocrx_word' id='word_1_23' title='bbox 1899 621 2365 685; x_wconf 88' lang='lat' dir='ltr'>erubescentes</span> <span class='ocrx_word' id='word_1_24' title='bbox 2415 639 2499 683; x_wconf 90' lang='lat' dir='ltr'>ne</span> <span class='ocrx_word' id='word_1_25' title='bbox 2546 617 2901 683; x_wconf 85' lang='lat' dir='ltr'>dissimiles</span> 
     </span>
    </p>
   </div>
   <div class='ocr_carea' id='block_1_5' title="bbox 483 720 1657 785">
    <p class='ocr_par' dir='ltr' id='par_1_5' title="bbox 483 720 1657 785">
     <span class='ocr_line' id='line_1_6' title="bbox 483 720 1657 785; baseline 0.003 -4"><span class='ocrx_word' id='word_1_26' title='bbox 483 720 676 782; x_wconf 87' lang='lat' dir='ltr'>uobis</span> <span class='ocrx_word' id='word_1_27' title='bbox 707 720 774 783; x_wconf 91' lang='lat' dir='ltr'>in</span> <span class='ocrx_word' id='word_1_28' title='bbox 816 721 943 784; x_wconf 89' lang='lat' dir='ltr'>hoc</span> <span class='ocrx_word' id='word_1_29' title='bbox 973 722 1238 784; x_wconf 89' lang='lat' dir='ltr'>saeculo</span> <span class='ocrx_word' id='word_1_30' title='bbox 1271 722 1657 785; x_wconf 64' lang='lat' dir='ltr'>uideantur!</span> 
     </span>
    </p>
   </div>
   <div class='ocr_carea' id='block_1_6' title="bbox 1749 720 2902 806">
    <p class='ocr_par' dir='ltr' id='par_1_6' title="bbox 1749 720 2902 806">
     <span class='ocr_line' id='line_1_7' title="bbox 1749 720 2902 806; baseline -0.003 -20"><span class='ocrx_word' id='word_1_31' title='bbox 1749 733 1817 787; x_wconf 91' lang='lat' dir='ltr'>et</span> <span class='ocrx_word' id='word_1_32' title='bbox 1846 723 2415 806; x_wconf 85' lang='lat' dir='ltr'>quemadmodum</span> <span class='ocrx_word' id='word_1_33' title='bbox 2448 721 2699 784; x_wconf 84' lang='lat' dir='ltr'>formae</span> <span class='ocrx_word' id='word_1_34' title='bbox 2730 720 2902 784; x_wconf 84' lang='lat' dir='ltr'>exti-</span> 
     </span>
    </p>
   </div>
   <div class='ocr_carea' id='block_1_7' title="bbox 484 820 1799 906">
    <p class='ocr_par' dir='ltr' id='par_1_7' title="bbox 484 820 1799 906">
     <span class='ocr_line' id='line_1_8' title="bbox 484 820 1799 906; baseline 0.005 -24"><span class='ocrx_word' id='word_1_35' title='bbox 484 829 709 886; x_wconf 88' lang='lat' dir='ltr'>terunt</span> <span class='ocrx_word' id='word_1_36' title='bbox 739 820 999 885; x_wconf 89' lang='lat' dir='ltr'>illorum</span> <span class='ocrx_word' id='word_1_37' title='bbox 1033 823 1145 906; x_wconf 88' lang='lat' dir='ltr'>qui</span> <span class='ocrx_word' id='word_1_38' title='bbox 1177 842 1250 887; x_wconf 89' lang='lat' dir='ltr'>se</span> <span class='ocrx_word' id='word_1_39' title='bbox 1279 843 1415 886; x_wconf 91' lang='lat' dir='ltr'>non</span> <span class='ocrx_word' id='word_1_40' title='bbox 1447 824 1799 888; x_wconf 84' lang='lat' dir='ltr'>uiderant?</span> 
     </span>
    </p>
   </div>
   <div class='ocr_carea' id='block_1_8' title="bbox 483 973 2913 1162">
    <p class='ocr_par' dir='ltr' id='par_1_8' title="bbox 483 973 2913 1162">
     <span class='ocr_line' id='line_1_9' title="bbox 612 973 2904 1057; baseline -0 -19"><span class='ocrx_word' id='word_1_41' title='bbox 612 996 657 1038; x_wconf 90' lang='lat' dir='ltr'>a</span> <span class='ocrx_word' id='word_1_42' title='bbox 709 974 887 1039; x_wconf 86' lang='lat' dir='ltr'>uobis</span> <span class='ocrx_word' id='word_1_43' title='bbox 934 975 1108 1040; x_wconf 80' lang='lat' dir='ltr'>enim</span> <span class='ocrx_word' id='word_1_44' title='bbox 1159 976 1578 1057; x_wconf 77' lang='lat' dir='ltr'>diffamatum</span> <span class='ocrx_word' id='word_1_45' title='bbox 1630 987 1725 1040; x_wconf 80' lang='lat' dir='ltr'>est</span> <span class='ocrx_word' id='word_1_46' title='bbox 1774 974 2040 1041; x_wconf 85' lang='lat' dir='ltr'>uerbum</span> <span class='ocrx_word' id='word_1_47' title='bbox 2084 974 2365 1039; x_wconf 81' lang='lat' dir='ltr'>Domini</span> <span class='ocrx_word' id='word_1_48' title='bbox 2408 997 2533 1039; x_wconf 87' lang='lat' dir='ltr'>non</span> <span class='ocrx_word' id='word_1_49' title='bbox 2576 975 2786 1039; x_wconf 84' lang='lat' dir='ltr'>solum</span> <span class='ocrx_word' id='word_1_50' title='bbox 2833 973 2904 1037; x_wconf 87' lang='lat' dir='ltr'>in</span> 
     </span>
     <span class='ocr_line' id='line_1_10' title="bbox 483 1074 2913 1162; baseline 0 -24"><span class='ocrx_word' id='word_1_51' title='bbox 483 1074 870 1141; x_wconf 65' lang='lat' dir='ltr'>„Macedonia</span> <span class='ocrx_word' id='word_1_52' title='bbox 918 1088 982 1141; x_wconf 87' lang='lat' dir='ltr'>et</span> <span class='ocrx_word' id='word_1_53' title='bbox 1023 1078 1298 1156; x_wconf 78' lang='lat' dir='ltr'>Achaia,</span> <span class='ocrx_word' id='word_1_54' title='bbox 1349 1079 1468 1143; x_wconf 80' lang='lat' dir='ltr'>sed</span> <span class='ocrx_word' id='word_1_55' title='bbox 1508 1090 1572 1143; x_wconf 86' lang='lat' dir='ltr'>et</span> <span class='ocrx_word' id='word_1_56' title='bbox 1618 1079 1689 1143; x_wconf 91' lang='lat' dir='ltr'>in</span> <span class='ocrx_word' id='word_1_57' title='bbox 1735 1079 1917 1143; x_wconf 87' lang='lat' dir='ltr'>omni</span> <span class='ocrx_word' id='word_1_58' title='bbox 1963 1080 2089 1143; x_wconf 88' lang='lat' dir='ltr'>loco</span> <span class='ocrx_word' id='word_1_59' title='bbox 2121 1078 2297 1162; x_wconf 79' lang='lat' dir='ltr'>fides</span> <span class='ocrx_word' id='word_1_60' title='bbox 2342 1090 2560 1143; x_wconf 82' lang='lat' dir='ltr'>uestra</span> <span class='ocrx_word' id='word_1_61' title='bbox 2606 1098 2768 1161; x_wconf 80' lang='lat' dir='ltr'>quae</span> <span class='ocrx_word' id='word_1_62' title='bbox 2816 1074 2913 1139; x_wconf 86' lang='lat' dir='ltr'>ad</span> 
     </span>
    </p>
   </div>
   <div class='ocr_carea' id='block_1_9' title="bbox 482 1182 960 1247">
    <p class='ocr_par' dir='ltr' id='par_1_9' title="bbox 482 1182 960 1247">
     <span class='ocr_line' id='line_1_11' title="bbox 482 1182 960 1247; baseline 0.002 -2"><span class='ocrx_word' id='word_1_63' title='bbox 482 1182 700 1247; x_wconf 83' lang='lat' dir='ltr'>Deum</span> <span class='ocrx_word' id='word_1_64' title='bbox 741 1182 960 1247; x_wconf 67' lang='lat' dir='ltr'>ariuit.</span> 
     </span>
    </p>
   </div>
   <div class='ocr_carea' id='block_1_10' title="bbox 487 1304 2907 1498">
    <p class='ocr_par' dir='ltr' id='par_1_10' title="bbox 487 1304 2907 1498">
     <span class='ocr_line' id='line_1_12' title="bbox 615 1304 2905 1391; baseline -0.001 -20"><span class='ocrx_word' id='word_1_65' title='bbox 615 1304 931 1391; x_wconf 84' lang='lat' dir='ltr'>†uerbum</span> <span class='ocrx_word' id='word_1_66' title='bbox 994 1309 1124 1373; x_wconf 90' lang='lat' dir='ltr'>Dei</span> <span class='ocrx_word' id='word_1_67' title='bbox 1171 1309 1299 1373; x_wconf 91' lang='lat' dir='ltr'>hoc</span> <span class='ocrx_word' id='word_1_68' title='bbox 1353 1308 1420 1374; x_wconf 90' lang='lat' dir='ltr'>in</span> <span class='ocrx_word' id='word_1_69' title='bbox 1471 1312 1617 1375; x_wconf 93' lang='lat' dir='ltr'>loco</span> <span class='ocrx_word' id='word_1_70' title='bbox 1666 1332 1801 1375; x_wconf 90' lang='lat' dir='ltr'>non</span> <span class='ocrx_word' id='word_1_71' title='bbox 1848 1310 2051 1375; x_wconf 88' lang='lat' dir='ltr'>fidem</span> <span class='ocrx_word' id='word_1_72' title='bbox 2104 1310 2284 1385; x_wconf 88' lang='lat' dir='ltr'>dicit,</span> <span class='ocrx_word' id='word_1_73' title='bbox 2337 1330 2460 1373; x_wconf 91' lang='lat' dir='ltr'>nec</span> <span class='ocrx_word' id='word_1_74' title='bbox 2512 1308 2690 1373; x_wconf 91' lang='lat' dir='ltr'>enim</span> <span class='ocrx_word' id='word_1_75' title='bbox 2740 1305 2905 1370; x_wconf 89' lang='lat' dir='ltr'>fides</span> 
     </span>
     <span class='ocr_line' id='line_1_13' title="bbox 487 1412 2907 1498; baseline -0.002 -19"><span class='ocrx_word' id='word_1_76' title='bbox 487 1415 574 1479; x_wconf 91' lang='lat' dir='ltr'>ab</span> <span class='ocrx_word' id='word_1_77' title='bbox 624 1413 750 1477; x_wconf 91' lang='lat' dir='ltr'>illis</span> <span class='ocrx_word' id='word_1_78' title='bbox 803 1415 1060 1496; x_wconf 88' lang='lat' dir='ltr'>accepit</span> <span class='ocrx_word' id='word_1_79' title='bbox 1120 1415 1561 1498; x_wconf 89' lang='lat' dir='ltr'>principium;</span> <span class='ocrx_word' id='word_1_80' title='bbox 1623 1416 1776 1479; x_wconf 90' lang='lat' dir='ltr'>‘sed</span> <span class='ocrx_word' id='word_1_81' title='bbox 1834 1435 2068 1478; x_wconf 89' lang='lat' dir='ltr'>omnes</span> <span class='ocrx_word' id='word_1_82' title='bbox 2127 1412 2392 1498; x_wconf 86' lang='lat' dir='ltr'>(inquit)</span> <span class='ocrx_word' id='word_1_83' title='bbox 2448 1421 2907 1495; x_wconf 86' lang='lat' dir='ltr'>cognouerunt</span> 
     </span>
    </p>
   </div>
   <div class='ocr_carea' id='block_1_11' title="bbox 384 1514 2906 1600">
    <p class='ocr_par' dir='ltr' id='par_1_11' title="bbox 384 1514 2906 1600">
     <span class='ocr_line' id='line_1_14' title="bbox 384 1514 2906 1600; baseline -0.003 -16"><span class='ocrx_word' id='word_1_84' title='bbox 384 1536 462 1584; x_wconf 91' lang='lat'>10</span> <span class='ocrx_word' id='word_1_85' title='bbox 488 1525 740 1598; x_wconf 88' lang='lat' dir='ltr'>quanta</span> <span class='ocrx_word' id='word_1_86' title='bbox 789 1536 911 1598; x_wconf 89' lang='lat' dir='ltr'>pro</span> <span class='ocrx_word' id='word_1_87' title='bbox 965 1516 1094 1580; x_wconf 91' lang='lat' dir='ltr'>fide</span> <span class='ocrx_word' id='word_1_88' title='bbox 1148 1518 1326 1600; x_wconf 88' lang='lat' dir='ltr'>passi</span> <span class='ocrx_word' id='word_1_89' title='bbox 1381 1518 1560 1594; x_wconf 81' lang='lat' dir='ltr'>estiS,</span> <span class='ocrx_word' id='word_1_90' title='bbox 1610 1526 1679 1581; x_wconf 92' lang='lat' dir='ltr'>et</span> <span class='ocrx_word' id='word_1_91' title='bbox 1726 1537 1963 1581; x_wconf 88' lang='lat' dir='ltr'>omnes</span> <span class='ocrx_word' id='word_1_92' title='bbox 2005 1517 2159 1581; x_wconf 88' lang='lat' dir='ltr'>fidei</span> <span class='ocrx_word' id='word_1_93' title='bbox 2208 1527 2473 1580; x_wconf 87' lang='lat' dir='ltr'>uestrae</span> <span class='ocrx_word' id='word_1_94' title='bbox 2522 1514 2906 1578; x_wconf 87' lang='lat' dir='ltr'>firmitatem</span> 
     </span>
    </p>
   </div>
   <div class='ocr_carea' id='block_1_12' title="bbox 488 1616 2245 1807">
    <p class='ocr_par' dir='ltr' id='par_1_12' title="bbox 488 1616 2245 1807">
     <span class='ocr_line' id='line_1_15' title="bbox 488 1616 2064 1694; baseline 0.003 -15"><span class='ocrx_word' id='word_1_95' title='bbox 488 1616 826 1694; x_wconf 88' lang='lat' dir='ltr'>mirantur,</span> <span class='ocrx_word' id='word_1_96' title='bbox 869 1618 962 1682; x_wconf 90' lang='lat' dir='ltr'>ita</span> <span class='ocrx_word' id='word_1_97' title='bbox 1008 1628 1082 1683; x_wconf 90' lang='lat' dir='ltr'>ut</span> <span class='ocrx_word' id='word_1_98' title='bbox 1127 1630 1196 1683; x_wconf 92' lang='lat' dir='ltr'>et</span> <span class='ocrx_word' id='word_1_99' title='bbox 1240 1619 1482 1685; x_wconf 89' lang='lat' dir='ltr'>alteros</span> <span class='ocrx_word' id='word_1_100' title='bbox 1529 1618 2027 1684; x_wconf 74' lang='lat' dir='ltr'>adhortentur.*</span> <span class='ocrx_word' id='word_1_101' title='bbox 2050 1616 2064 1643; x_wconf 92' lang='lat'>’</span> 
     </span>
     <span class='ocr_line' id='line_1_16' title="bbox 617 1722 2245 1807; baseline 0.001 -22"><span class='ocrx_word' id='word_1_102' title='bbox 617 1730 688 1785; x_wconf 87' lang='lat' dir='ltr'>et</span> <span class='ocrx_word' id='word_1_103' title='bbox 737 1722 1188 1787; x_wconf 88' lang='lat' dir='ltr'>abundantius</span> <span class='ocrx_word' id='word_1_104' title='bbox 1233 1724 1348 1788; x_wconf 87' lang='lat' dir='ltr'>illa</span> <span class='ocrx_word' id='word_1_105' title='bbox 1393 1724 1538 1807; x_wconf 90' lang='lat' dir='ltr'>ipsa</span> <span class='ocrx_word' id='word_1_106' title='bbox 1584 1726 2063 1807; x_wconf 81' lang='lat' dir='ltr'>constringenS,</span> <span class='ocrx_word' id='word_1_107' title='bbox 2108 1722 2245 1788; x_wconf 87' lang='lat' dir='ltr'>ait:</span> 
     </span>
    </p>
   </div>
   <div class='ocr_carea' id='block_1_13' title="bbox 489 1883 2912 2075">
    <p class='ocr_par' dir='ltr' id='par_1_13' title="bbox 489 1883 2912 2075">
     <span class='ocr_line' id='line_1_17' title="bbox 620 1883 2912 1973; baseline 0.001 -24"><span class='ocrx_word' id='word_1_108' title='bbox 620 1883 716 1950; x_wconf 88' lang='lat' dir='ltr'>ita</span> <span class='ocrx_word' id='word_1_109' title='bbox 755 1896 834 1950; x_wconf 89' lang='lat' dir='ltr'>ut</span> <span class='ocrx_word' id='word_1_110' title='bbox 869 1908 994 1951; x_wconf 87' lang='lat' dir='ltr'>non</span> <span class='ocrx_word' id='word_1_111' title='bbox 1033 1910 1267 1952; x_wconf 81' lang='lat' dir='ltr'>necesse</span> <span class='ocrx_word' id='word_1_112' title='bbox 1303 1888 1653 1954; x_wconf 74' lang='lat' dir='ltr'>habeamus</span> <span class='ocrx_word' id='word_1_113' title='bbox 1692 1890 1869 1973; x_wconf 83' lang='lat' dir='ltr'>loqui</span> <span class='ocrx_word' id='word_1_114' title='bbox 1908 1889 2205 1973; x_wconf 84' lang='lat' dir='ltr'>aliquid,·</span> <span class='ocrx_word' id='word_1_115' title='bbox 2267 1887 2394 1972; x_wconf 56' lang='grc' dir='ltr'>τρεῖ</span> <span class='ocrx_word' id='word_1_116' title='bbox 2423 1889 2595 1953; x_wconf 83' lang='lat' dir='ltr'>enim</span> <span class='ocrx_word' id='word_1_117' title='bbox 2625 1888 2703 1952; x_wconf 80' lang='lat' dir='ltr'>de</span> <span class='ocrx_word' id='word_1_118' title='bbox 2732 1887 2912 1952; x_wconf 86' lang='lat' dir='ltr'>nobis</span> 
     </span>
     <span class='ocr_line' id='line_1_18' title="bbox 489 1991 2911 2075; baseline 0 -20"><span class='ocrx_word' id='word_1_119' title='bbox 489 1991 894 2055; x_wconf 85' lang='lat' dir='ltr'>adnuntiant</span> <span class='ocrx_word' id='word_1_120' title='bbox 930 1994 1182 2075; x_wconf 82' lang='lat' dir='ltr'>qualem</span> <span class='ocrx_word' id='word_1_121' title='bbox 1227 1994 1566 2058; x_wconf 84' lang='lat' dir='ltr'>introitum</span> <span class='ocrx_word' id='word_1_122' title='bbox 1606 1993 1956 2057; x_wconf 74' lang='lat' dir='ltr'>habuimus</span> <span class='ocrx_word' id='word_1_123' title='bbox 2004 1992 2101 2057; x_wconf 85' lang='lat' dir='ltr'>ad</span> <span class='ocrx_word' id='word_1_124' title='bbox 2146 2015 2275 2069; x_wconf 82' lang='lat' dir='ltr'>uos,</span> <span class='ocrx_word' id='word_1_125' title='bbox 2314 2003 2378 2056; x_wconf 85' lang='lat' dir='ltr'>et</span> <span class='ocrx_word' id='word_1_126' title='bbox 2420 1994 2726 2075; x_wconf 85' lang='lat' dir='ltr'>quomodo</span> <span class='ocrx_word' id='word_1_127' title='bbox 2768 2014 2911 2055; x_wconf 88' lang='lat' dir='ltr'>con-</span> 
     </span>
    </p>
   </div>
   <div class='ocr_carea' id='block_1_14' title="bbox 387 2095 2913 2179">
    <p class='ocr_par' dir='ltr' id='par_1_14' title="bbox 387 2095 2913 2179">
     <span class='ocr_line' id='line_1_19' title="bbox 387 2095 2913 2179; baseline 0.001 -21"><span class='ocrx_word' id='word_1_128' title='bbox 387 2112 457 2179; x_wconf 85' lang='lat'>15</span> <span class='ocrx_word' id='word_1_129' title='bbox 491 2096 670 2159; x_wconf 84' lang='lat' dir='ltr'>uersi</span> <span class='ocrx_word' id='word_1_130' title='bbox 709 2095 865 2159; x_wconf 83' lang='lat' dir='ltr'>estis</span> <span class='ocrx_word' id='word_1_131' title='bbox 912 2098 1010 2159; x_wconf 87' lang='lat' dir='ltr'>ad</span> <span class='ocrx_word' id='word_1_132' title='bbox 1048 2097 1408 2163; x_wconf 80' lang='lat' dir='ltr'>Dominum</span> <span class='ocrx_word' id='word_1_133' title='bbox 1456 2119 1500 2161; x_wconf 88' lang='lat' dir='ltr'>a</span> <span class='ocrx_word' id='word_1_134' title='bbox 1549 2098 1923 2161; x_wconf 84' lang='lat' dir='ltr'>simulacris</span> <span class='ocrx_word' id='word_1_135' title='bbox 1970 2097 2216 2168; x_wconf 73' lang='lat' dir='ltr'>seruire</span> <span class='ocrx_word' id='word_1_136' title='bbox 2265 2096 2403 2161; x_wconf 85' lang='lat' dir='ltr'>Deo</span> <span class='ocrx_word' id='word_1_137' title='bbox 2454 2098 2606 2161; x_wconf 82' lang='lat' dir='ltr'>uiuo</span> <span class='ocrx_word' id='word_1_138' title='bbox 2655 2108 2718 2161; x_wconf 82' lang='lat' dir='ltr'>et</span> <span class='ocrx_word' id='word_1_139' title='bbox 2762 2117 2913 2161; x_wconf 85' lang='lat' dir='ltr'>uero</span> 
     </span>
    </p>
   </div>
   <div class='ocr_carea' id='block_1_15' title="bbox 488 2199 2909 2386">
    <p class='ocr_par' dir='ltr' id='par_1_15' title="bbox 488 2199 2909 2386">
     <span class='ocr_line' id='line_1_20' title="bbox 488 2199 2909 2283; baseline 0.001 -22"><span class='ocrx_word' id='word_1_140' title='bbox 488 2209 553 2262; x_wconf 86' lang='lat' dir='ltr'>et</span> <span class='ocrx_word' id='word_1_141' title='bbox 607 2210 922 2281; x_wconf 72' lang='lat' dir='ltr'>expectare</span> <span class='ocrx_word' id='word_1_142' title='bbox 961 2200 1194 2283; x_wconf 83' lang='lat' dir='ltr'>filium</span> <span class='ocrx_word' id='word_1_143' title='bbox 1253 2200 1391 2264; x_wconf 84' lang='lat' dir='ltr'>eius</span> <span class='ocrx_word' id='word_1_144' title='bbox 1448 2200 1526 2263; x_wconf 81' lang='lat' dir='ltr'>de</span> <span class='ocrx_word' id='word_1_145' title='bbox 1582 2202 1789 2277; x_wconf 65' lang='lat' dir='ltr'>caelis,</span> <span class='ocrx_word' id='word_1_146' title='bbox 1840 2222 2025 2283; x_wconf 80' lang='lat' dir='ltr'>quem</span> <span class='ocrx_word' id='word_1_147' title='bbox 2081 2200 2429 2265; x_wconf 69' lang='lat' dir='ltr'>suscitavit</span> <span class='ocrx_word' id='word_1_148' title='bbox 2483 2222 2563 2265; x_wconf 79' lang='lat' dir='ltr'>ex</span> <span class='ocrx_word' id='word_1_149' title='bbox 2618 2199 2909 2277; x_wconf 84' lang='lat' dir='ltr'>mortuis,</span> 
     </span>
     <span class='ocr_line' id='line_1_21' title="bbox 489 2301 1959 2386; baseline 0.003 -21"><span class='ocrx_word' id='word_1_150' title='bbox 489 2301 722 2380; x_wconf 77' lang='lat' dir='ltr'>Iesum,</span> <span class='ocrx_word' id='word_1_151' title='bbox 776 2303 896 2386; x_wconf 84' lang='lat' dir='ltr'>qui</span> <span class='ocrx_word' id='word_1_152' title='bbox 935 2303 1161 2386; x_wconf 82' lang='lat' dir='ltr'>eripiet</span> <span class='ocrx_word' id='word_1_153' title='bbox 1209 2326 1325 2367; x_wconf 88' lang='lat' dir='ltr'>nos</span> <span class='ocrx_word' id='word_1_154' title='bbox 1372 2304 1455 2368; x_wconf 85' lang='lat' dir='ltr'>ab</span> <span class='ocrx_word' id='word_1_155' title='bbox 1506 2304 1613 2367; x_wconf 84' lang='lat' dir='ltr'>ira</span> <span class='ocrx_word' id='word_1_156' title='bbox 1661 2315 1959 2369; x_wconf 84' lang='lat' dir='ltr'>uentura.</span> 
     </span>
    </p>
   </div>
   <div class='ocr_carea' id='block_1_16' title="bbox 492 2430 2912 2621">
    <p class='ocr_par' dir='ltr' id='par_1_16' title="bbox 492 2430 2912 2621">
     <span class='ocr_line' id='line_1_22' title="bbox 623 2430 2911 2520; baseline -0.003 -22"><span class='ocrx_word' id='word_1_157' title='bbox 623 2437 784 2498; x_wconf 88' lang='lat' dir='ltr'>‘nec</span> <span class='ocrx_word' id='word_1_158' title='bbox 831 2434 1008 2497; x_wconf 90' lang='lat' dir='ltr'>enim</span> <span class='ocrx_word' id='word_1_159' title='bbox 1053 2433 1429 2517; x_wconf 88' lang='lat' dir='ltr'>indigemus</span> <span class='ocrx_word' id='word_1_160' title='bbox 1477 2435 1881 2520; x_wconf 88' lang='lat' dir='ltr'>ubicumque</span> <span class='ocrx_word' id='word_1_161' title='bbox 1927 2434 2243 2498; x_wconf 84' lang='lat' dir='ltr'>fuerimus</span> <span class='ocrx_word' id='word_1_162' title='bbox 2290 2432 2542 2518; x_wconf 79' lang='lat' dir='ltr'>aliquid</span> <span class='ocrx_word' id='word_1_163' title='bbox 2588 2431 2675 2494; x_wconf 92' lang='lat' dir='ltr'>de</span> <span class='ocrx_word' id='word_1_164' title='bbox 2721 2430 2911 2493; x_wconf 86' lang='lat' dir='ltr'>uobis</span> 
     </span>
     <span class='ocr_line' id='line_1_23' title="bbox 492 2533 2912 2621; baseline -0.002 -21"><span class='ocrx_word' id='word_1_165' title='bbox 492 2537 728 2613; x_wconf 87' lang='lat' dir='ltr'>dicere,</span> <span class='ocrx_word' id='word_1_166' title='bbox 777 2558 857 2600; x_wconf 92' lang='lat' dir='ltr'>eo</span> <span class='ocrx_word' id='word_1_167' title='bbox 905 2538 1084 2621; x_wconf 90' lang='lat' dir='ltr'>quod</span> <span class='ocrx_word' id='word_1_168' title='bbox 1123 2539 1392 2620; x_wconf 86' lang='lat' dir='ltr'>cognita</span> <span class='ocrx_word' id='word_1_169' title='bbox 1433 2548 1590 2601; x_wconf 87' lang='lat' dir='ltr'>sunt</span> <span class='ocrx_word' id='word_1_170' title='bbox 1638 2539 1951 2600; x_wconf 90' lang='lat' dir='ltr'>omnibus</span> <span class='ocrx_word' id='word_1_171' title='bbox 2001 2537 2117 2600; x_wconf 88' lang='lat' dir='ltr'>illa</span> <span class='ocrx_word' id='word_1_172' title='bbox 2160 2557 2335 2620; x_wconf 90' lang='lat' dir='ltr'>quae</span> <span class='ocrx_word' id='word_1_173' title='bbox 2380 2557 2536 2618; x_wconf 86' lang='lat' dir='ltr'>erga</span> <span class='ocrx_word' id='word_1_174' title='bbox 2584 2555 2703 2597; x_wconf 88' lang='lat' dir='ltr'>uos</span> <span class='ocrx_word' id='word_1_175' title='bbox 2736 2533 2912 2596; x_wconf 85' lang='lat' dir='ltr'>sacta</span> 
     </span>
    </p>
   </div>
   <div class='ocr_carea' id='block_1_17' title="bbox 456 2735 2919 3134">
    <p class='ocr_par' dir='ltr' id='par_1_17' title="bbox 456 2735 2919 3134">
     <span class='ocr_line' id='line_1_24' title="bbox 624 2735 2914 2826; baseline 0.003 -25"><span class='ocrx_word' id='word_1_176' title='bbox 624 2735 857 2820; x_wconf 69' lang='grc' dir='ltr'>λόγον</span> <span class='ocrx_word' id='word_1_177' title='bbox 898 2737 1166 2826; x_wconf 80' lang='grc' dir='ltr'>κυρίου</span> <span class='ocrx_word' id='word_1_178' title='bbox 1211 2739 1484 2806; x_wconf 75' lang='grc' dir='ltr'>ἐνταῦθα,</span> <span class='ocrx_word' id='word_1_179' title='bbox 1524 2737 1597 2804; x_wconf 79' lang='grc' dir='ltr'>οὕ</span> <span class='ocrx_word' id='word_1_180' title='bbox 1639 2736 1758 2823; x_wconf 77' lang='grc' dir='ltr'>τὴν</span> <span class='ocrx_word' id='word_1_181' title='bbox 1800 2738 2031 2806; x_wconf 85' lang='grc' dir='ltr'>πίστιν</span> <span class='ocrx_word' id='word_1_182' title='bbox 2072 2740 2265 2822; x_wconf 76' lang='grc' dir='ltr'>λέγει,</span> <span class='ocrx_word' id='word_1_183' title='bbox 2310 2738 2387 2806; x_wconf 75' lang='grc' dir='ltr'>οὐ</span> <span class='ocrx_word' id='word_1_184' title='bbox 2433 2740 2560 2825; x_wconf 66' lang='grc' dir='ltr'>γὰρ</span> <span class='ocrx_word' id='word_1_185' title='bbox 2606 2737 2644 2820; x_wconf 80' lang='grc' dir='ltr'><em>ἦ</em></span> <span class='ocrx_word' id='word_1_186' title='bbox 2687 2738 2914 2807; x_wconf 67' lang='grc' dir='ltr'>πίστις</span> 
     </span>
     <span class='ocr_line' id='line_1_25' title="bbox 495 2835 2912 2931; baseline -0.001 -25"><span class='ocrx_word' id='word_1_187' title='bbox 495 2835 614 2906; x_wconf 74' lang='grc' dir='ltr'>ἀπ’</span> <span class='ocrx_word' id='word_1_188' title='bbox 646 2837 857 2906; x_wconf 78' lang='grc' dir='ltr'>αὐτῶν</span> <span class='ocrx_word' id='word_1_189' title='bbox 887 2839 1132 2922; x_wconf 81' lang='grc' dir='ltr'>ἔλαβεν</span> <span class='ocrx_word' id='word_1_190' title='bbox 1161 2837 1278 2922; x_wconf 80' lang='grc' dir='ltr'>τὴν</span> <span class='ocrx_word' id='word_1_191' title='bbox 1307 2839 1534 2931; x_wconf 79' lang='grc' dir='ltr'>ἀρχήν·</span> <span class='ocrx_word' id='word_1_192' title='bbox 1581 2839 1733 2906; x_wconf 77' lang='grc' dir='ltr'>ἀλλ’</span> <span class='ocrx_word' id='word_1_193' title='bbox 1780 2839 1925 2907; x_wconf 79' lang='grc' dir='ltr'>ἀντὶ</span> <span class='ocrx_word' id='word_1_194' title='bbox 1964 2846 2081 2908; x_wconf 86' lang='grc' dir='ltr'>τοῦ</span> <span class='ocrx_word' id='word_1_195' title='bbox 2126 2840 2399 2913; x_wconf 55' lang='grc' dir='ltr'>(πάντες</span> <span class='ocrx_word' id='word_1_196' title='bbox 2444 2841 2739 2926; x_wconf 73' lang='grc' dir='ltr'>ἔγνωσαν</span> <span class='ocrx_word' id='word_1_197' title='bbox 2782 2837 2912 2904; x_wconf 77' lang='grc' dir='ltr'>ὅσα</span> 
     </span>
     <span class='ocr_line' id='line_1_26' title="bbox 497 2941 2915 3030; baseline 0 -24"><span class='ocrx_word' id='word_1_198' title='bbox 497 2941 660 3030; x_wconf 80' lang='grc' dir='ltr'>ὑπὲρ</span> <span class='ocrx_word' id='word_1_199' title='bbox 707 2945 820 3024; x_wconf 77' lang='grc' dir='ltr'>τῆς</span> <span class='ocrx_word' id='word_1_200' title='bbox 864 2943 1148 3015; x_wconf 74' lang='grc' dir='ltr'>πίστεως</span> <span class='ocrx_word' id='word_1_201' title='bbox 1197 2943 1490 3023; x_wconf 82' lang='grc' dir='ltr'>ἐπάθετε,</span> <span class='ocrx_word' id='word_1_202' title='bbox 1547 2942 1657 3010; x_wconf 80' lang='grc' dir='ltr'>καὶ</span> <span class='ocrx_word' id='word_1_203' title='bbox 1704 2941 1941 3014; x_wconf 80' lang='grc' dir='ltr'>πάντες</span> <span class='ocrx_word' id='word_1_204' title='bbox 1989 2941 2169 3025; x_wconf 78' lang='grc' dir='ltr'>ὑμῶν</span> <span class='ocrx_word' id='word_1_205' title='bbox 2215 2941 2291 3010; x_wconf 82' lang='grc' dir='ltr'>τὸ</span> <span class='ocrx_word' id='word_1_206' title='bbox 2336 2942 2618 3022; x_wconf 81' lang='grc' dir='ltr'>βέβαιον</span> <span class='ocrx_word' id='word_1_207' title='bbox 2667 2941 2915 3026; x_wconf 84' lang='grc' dir='ltr'>θαυμά-</span> 
     </span>
     <span class='ocr_line' id='line_1_27' title="bbox 456 3044 2919 3134; baseline 0 -24"><span class='ocrx_word' id='word_1_208' title='bbox 456 3094 458 3096; x_wconf 22' lang='lat' dir='ltr'>v</span> <span class='ocrx_word' id='word_1_209' title='bbox 501 3048 724 3126; x_wconf 84' lang='grc' dir='ltr'>ζουσιν</span> <span class='ocrx_word' id='word_1_210' title='bbox 779 3047 894 3130; x_wconf 79' lang='grc' dir='ltr'>τῆς</span> <span class='ocrx_word' id='word_1_211' title='bbox 952 3044 1253 3126; x_wconf 78' lang='grc' dir='ltr'>πίστεως,</span> <span class='ocrx_word' id='word_1_212' title='bbox 1312 3045 1483 3113; x_wconf 77' lang='grc' dir='ltr'>ὥστε</span> <span class='ocrx_word' id='word_1_213' title='bbox 1541 3049 1655 3112; x_wconf 81' lang='grc' dir='ltr'>καὶ</span> <span class='ocrx_word' id='word_1_214' title='bbox 1713 3044 2091 3132; x_wconf 71' lang='grc' dir='ltr'>προτροπὴν</span> <span class='ocrx_word' id='word_1_215' title='bbox 2162 3046 2400 3134; x_wconf 76' lang='grc' dir='ltr'>ἑτέροις</span> <span class='ocrx_word' id='word_1_216' title='bbox 2464 3044 2765 3130; x_wconf 66' lang='grc' dir='ltr'>γενέσθαι</span> <span class='ocrx_word' id='word_1_217' title='bbox 2832 3044 2919 3112; x_wconf 78' lang='grc' dir='ltr'>τὰ</span> 
     </span>
    </p>
   </div>
   <div class='ocr_carea' id='block_1_18' title="bbox 501 3146 813 3236">
    <p class='ocr_par' dir='ltr' id='par_1_18' title="bbox 501 3146 813 3236">
     <span class='ocr_line' id='line_1_28' title="bbox 501 3146 813 3236; baseline 0.013 -26"><span class='ocrx_word' id='word_1_218' title='bbox 501 3146 813 3236; x_wconf 83' lang='grc' dir='ltr'>ὑμέτερα.’</span> 
     </span>
    </p>
   </div>
   <div class='ocr_carea' id='block_1_19' title="bbox 601 3317 1138 3380">
    <p class='ocr_par' dir='ltr' id='par_1_19' title="bbox 601 3317 1138 3380">
     <span class='ocr_line' id='line_1_29' title="bbox 601 3317 1138 3380; baseline 0.004 -14"><span class='ocrx_word' id='word_1_219' title='bbox 601 3331 628 3380; x_wconf 84' lang='grc'><strong>5</strong></span> <span class='ocrx_word' id='word_1_220' title='bbox 663 3317 968 3371; x_wconf 82' lang='lat' dir='ltr'>defamatum</span> <span class='ocrx_word' id='word_1_221' title='bbox 997 3319 1041 3368; x_wconf 92' lang='lat' dir='ltr'><em>C</em></span> <span class='ocrx_word' id='word_1_222' title='bbox 1059 3317 1138 3368; x_wconf 74' lang='lat' dir='ltr'><em>H</em></span> 
     </span>
    </p>
   </div>
   <div class='ocr_carea' id='block_1_20' title="bbox 1287 3318 1690 3383">
    <p class='ocr_par' dir='ltr' id='par_1_20' title="bbox 1287 3318 1690 3383">
     <span class='ocr_line' id='line_1_30' title="bbox 1287 3318 1690 3383; baseline 0 -15"><span class='ocrx_word' id='word_1_223' title='bbox 1287 3335 1342 3383; x_wconf 86' lang='lat'>13</span> <span class='ocrx_word' id='word_1_224' title='bbox 1377 3334 1480 3369; x_wconf 88' lang='lat' dir='ltr'>non</span> <span class='ocrx_word' id='word_1_225' title='bbox 1501 3335 1578 3368; x_wconf 86' lang='lat' dir='ltr'>om</span> <span class='ocrx_word' id='word_1_226' title='bbox 1609 3318 1690 3368; x_wconf 77' lang='lat' dir='ltr'>C*</span> 
     </span>
    </p>
   </div>
   <div class='ocr_carea' id='block_1_21' title="bbox 1868 3315 2910 3382">
    <p class='ocr_par' dir='ltr' id='par_1_21' title="bbox 1868 3315 2910 3382">
     <span class='ocr_line' id='line_1_31' title="bbox 1868 3315 2910 3382; baseline -0.001 -16"><span class='ocrx_word' id='word_1_227' title='bbox 1868 3333 1926 3381; x_wconf 86' lang='lat'>14</span> <span class='ocrx_word' id='word_1_228' title='bbox 1958 3317 2275 3367; x_wconf 88' lang='lat' dir='ltr'>habuerimus</span> <span class='ocrx_word' id='word_1_229' title='bbox 2302 3317 2347 3367; x_wconf 88' lang='lat' dir='ltr'><em>C</em></span> <span class='ocrx_word' id='word_1_230' title='bbox 2364 3334 2397 3367; x_wconf 82' lang='lat' dir='ltr'><em>r</em></span> <span class='ocrx_word' id='word_1_231' title='bbox 2557 3329 2622 3366; x_wconf 79' lang='lat'>20</span> <span class='ocrx_word' id='word_1_232' title='bbox 2642 3331 2719 3382; x_wconf 91' lang='lat' dir='ltr'>sq.</span> <span class='ocrx_word' id='word_1_233' title='bbox 2755 3315 2910 3366; x_wconf 89' lang='lat' dir='ltr'>Coisl.</span> 
     </span>
    </p>
   </div>
   <div class='ocr_carea' id='block_1_22' title="bbox 505 3398 2506 3465">
    <p class='ocr_par' dir='ltr' id='par_1_22' title="bbox 505 3398 2506 3465">
     <span class='ocr_line' id='line_1_32' title="bbox 505 3398 2506 3465; baseline -0 -15"><span class='ocrx_word' id='word_1_234' title='bbox 505 3415 614 3462; x_wconf 75' lang='lat'>204,</span> <span class='ocrx_word' id='word_1_235' title='bbox 643 3398 676 3448; x_wconf 80' lang='lat' dir='ltr'>f.</span> <span class='ocrx_word' id='word_1_236' title='bbox 711 3398 850 3464; x_wconf 80' lang='lat' dir='ltr'><strong>163b</strong></span> <span class='ocrx_word' id='word_1_237' title='bbox 875 3401 982 3462; x_wconf 88' lang='lat' dir='ltr'>[Cr.</span> <span class='ocrx_word' id='word_1_238' title='bbox 1007 3401 1074 3451; x_wconf 83' lang='lat' dir='ltr'>vi.</span> <span class='ocrx_word' id='word_1_239' title='bbox 1105 3403 1214 3464; x_wconf 85' lang='lat'>348,</span> <span class='ocrx_word' id='word_1_240' title='bbox 1246 3402 1329 3451; x_wconf 87' lang='lat' dir='ltr'>Fr.</span> <span class='ocrx_word' id='word_1_241' title='bbox 1364 3402 1476 3465; x_wconf 87' lang='lat'><strong>145]</strong></span> <span class='ocrx_word' id='word_1_242' title='bbox 1501 3404 1747 3464; x_wconf 78' lang='grc' dir='ltr'>θεόδωρος.</span> <span class='ocrx_word' id='word_1_243' title='bbox 1806 3401 1959 3451; x_wconf 75' lang='grc' dir='ltr'>ἄλλος</span> <span class='ocrx_word' id='word_1_244' title='bbox 1980 3402 2146 3462; x_wconf 77' lang='grc' dir='ltr'><strong><em>φησίν·</em></strong></span> <span class='ocrx_word' id='word_1_245' title='bbox 2170 3401 2333 3462; x_wconf 76' lang='grc' dir='ltr'>λόγον,</span> <span class='ocrx_word' id='word_1_246' title='bbox 2359 3400 2506 3449; x_wconf 88' lang='grc' dir='ltr'>κ.τ.λ.</span> 
     </span>
    </p>
   </div>
   <div class='ocr_carea' id='block_1_23' title="bbox 503 3548 1667 4433">
    <p class='ocr_par' dir='ltr' id='par_1_23' title="bbox 503 3548 1656 3695">
     <span class='ocr_line' id='line_1_33' title="bbox 571 3548 1656 3613; baseline -0.003 -13"><span class='ocrx_word' id='word_1_247' title='bbox 571 3562 617 3613; x_wconf 84' lang='grc'>7.</span> <span class='ocrx_word' id='word_1_248' title='bbox 683 3549 858 3611; x_wconf 79' lang='lat' dir='ltr'>exiuit]</span> <span class='ocrx_word' id='word_1_249' title='bbox 924 3548 1224 3611; x_wconf 76' lang='grc' dir='ltr'>ἐξελήλυθεν.</span> <span class='ocrx_word' id='word_1_250' title='bbox 1295 3550 1365 3600; x_wconf 92' lang='lat' dir='ltr'>So</span> <span class='ocrx_word' id='word_1_251' title='bbox 1389 3551 1609 3600; x_wconf 82' lang='lat' dir='ltr'>Clarom.</span> <span class='ocrx_word' id='word_1_252' title='bbox 1640 3567 1656 3612; x_wconf 66' lang='grc' dir='ltr'>ς,</span> 
     </span>
     <span class='ocr_line' id='line_1_34' title="bbox 503 3629 1618 3695; baseline -0.001 -16"><span class='ocrx_word' id='word_1_253' title='bbox 503 3629 656 3695; x_wconf 81' lang='lat' dir='ltr'><strong>Vulg.</strong></span> <span class='ocrx_word' id='word_1_254' title='bbox 682 3631 819 3691; x_wconf 86' lang='lat' dir='ltr'>(Am.</span> <span class='ocrx_word' id='word_1_255' title='bbox 844 3630 944 3679; x_wconf 76' lang='lat' dir='ltr'>and</span> <span class='ocrx_word' id='word_1_256' title='bbox 971 3631 1012 3679; x_wconf 89' lang='lat' dir='ltr'>F</span> <span class='ocrx_word' id='word_1_257' title='bbox 1015 3631 1160 3692; x_wconf 81' lang='lat' dir='ltr'>uid.),</span> <span class='ocrx_word' id='word_1_258' title='bbox 1197 3630 1470 3694; x_wconf 83' lang='lat' dir='ltr'>“prosecta</span> <span class='ocrx_word' id='word_1_259' title='bbox 1493 3631 1618 3680; x_wconf 89' lang='lat' dir='ltr'>est.”</span> 
     </span>
    </p>

    <p class='ocr_par' dir='ltr' id='par_1_24' title="bbox 503 3709 1667 4433">
     <span class='ocr_line' id='line_1_35' title="bbox 570 3709 1661 3773; baseline 0 -13"><span class='ocrx_word' id='word_1_260' title='bbox 570 3712 619 3761; x_wconf 91' lang='grc'>8.</span> <span class='ocrx_word' id='word_1_261' title='bbox 667 3725 770 3758; x_wconf 85' lang='lat' dir='ltr'>non</span> <span class='ocrx_word' id='word_1_262' title='bbox 779 3709 934 3773; x_wconf 74' lang='lat' dir='ltr'>fidme</span> <span class='ocrx_word' id='word_1_263' title='bbox 957 3710 1097 3771; x_wconf 81' lang='lat' dir='ltr'>dicit]</span> <span class='ocrx_word' id='word_1_264' title='bbox 1139 3709 1248 3758; x_wconf 92' lang='lat' dir='ltr'>Not</span> <span class='ocrx_word' id='word_1_265' title='bbox 1271 3710 1382 3759; x_wconf 88' lang='lat' dir='ltr'>‘the</span> <span class='ocrx_word' id='word_1_266' title='bbox 1409 3709 1584 3759; x_wconf 81' lang='lat' dir='ltr'>Faith’</span> <span class='ocrx_word' id='word_1_267' title='bbox 1605 3709 1661 3760; x_wconf 85' lang='lat' dir='ltr'>in</span> 
     </span>
     <span class='ocr_line' id='line_1_36' title="bbox 505 3793 1664 3855; baseline 0.002 -13"><span class='ocrx_word' id='word_1_268' title='bbox 505 3793 591 3842; x_wconf 81' lang='lat' dir='ltr'>the</span> <span class='ocrx_word' id='word_1_269' title='bbox 609 3793 840 3852; x_wconf 81' lang='lat' dir='ltr'>abstract,</span> <span class='ocrx_word' id='word_1_270' title='bbox 859 3793 952 3842; x_wconf 90' lang='lat' dir='ltr'>but</span> <span class='ocrx_word' id='word_1_271' title='bbox 973 3793 1061 3842; x_wconf 88' lang='lat' dir='ltr'>the</span> <span class='ocrx_word' id='word_1_272' title='bbox 1082 3793 1485 3843; x_wconf 84' lang='lat' dir='ltr'>Thessalonians’</span> <span class='ocrx_word' id='word_1_273' title='bbox 1509 3793 1664 3855; x_wconf 78' lang='lat' dir='ltr'>saith3</span> 
     </span>
     <span class='ocr_line' id='line_1_37' title="bbox 505 3874 1665 3940; baseline 0.003 -16"><span class='ocrx_word' id='word_1_274' title='bbox 505 3883 594 3925; x_wconf 86' lang='lat' dir='ltr'>not</span> <span class='ocrx_word' id='word_1_275' title='bbox 633 3875 719 3926; x_wconf 76' lang='lat' dir='ltr'>the</span> <span class='ocrx_word' id='word_1_276' title='bbox 753 3874 978 3925; x_wconf 87' lang='lat' dir='ltr'>doctrine</span> <span class='ocrx_word' id='word_1_277' title='bbox 1013 3875 1073 3924; x_wconf 84' lang='lat' dir='ltr'>of</span> <span class='ocrx_word' id='word_1_278' title='bbox 1102 3875 1189 3925; x_wconf 87' lang='lat' dir='ltr'>the</span> <span class='ocrx_word' id='word_1_279' title='bbox 1225 3875 1434 3940; x_wconf 86' lang='lat' dir='ltr'>Gospel‚</span> <span class='ocrx_word' id='word_1_280' title='bbox 1471 3877 1560 3926; x_wconf 87' lang='lat' dir='ltr'>but</span> <span class='ocrx_word' id='word_1_281' title='bbox 1599 3877 1665 3927; x_wconf 86' lang='lat' dir='ltr'>its</span> 
     </span>
     <span class='ocr_line' id='line_1_38' title="bbox 505 3956 1665 4021; baseline 0 -15"><span class='ocrx_word' id='word_1_282' title='bbox 505 3973 700 4007; x_wconf 88' lang='lat' dir='ltr'>success</span> <span class='ocrx_word' id='word_1_283' title='bbox 737 3965 789 4007; x_wconf 89' lang='lat' dir='ltr'>at</span> <span class='ocrx_word' id='word_1_284' title='bbox 825 3956 1199 4007; x_wconf 82' lang='lat' dir='ltr'>Thessalonica.</span> <span class='ocrx_word' id='word_1_285' title='bbox 1271 3956 1427 4006; x_wconf 86' lang='lat' dir='ltr'>Thdt.</span> <span class='ocrx_word' id='word_1_286' title='bbox 1470 3964 1665 4021; x_wconf 84' lang='lat' dir='ltr'>repeats</span> 
     </span>
     <span class='ocr_line' id='line_1_39' title="bbox 504 4039 1667 4100; baseline -0.002 -12"><span class='ocrx_word' id='word_1_287' title='bbox 504 4039 605 4089; x_wconf 78' lang='lat' dir='ltr'>this</span> <span class='ocrx_word' id='word_1_288' title='bbox 635 4040 690 4088; x_wconf 86' lang='lat' dir='ltr'>in</span> <span class='ocrx_word' id='word_1_289' title='bbox 722 4041 908 4090; x_wconf 87' lang='lat' dir='ltr'>clearer</span> <span class='ocrx_word' id='word_1_290' title='bbox 941 4040 1134 4090; x_wconf 80' lang='lat' dir='ltr'>words:</span> <span class='ocrx_word' id='word_1_291' title='bbox 1167 4041 1252 4089; x_wconf 82' lang='grc' dir='ltr'>οὒκ</span> <span class='ocrx_word' id='word_1_292' title='bbox 1283 4039 1450 4100; x_wconf 77' lang='grc' dir='ltr'>ἐπειδὴ</span> <span class='ocrx_word' id='word_1_293' title='bbox 1481 4039 1667 4088; x_wconf 75' lang='grc' dir='ltr'>ἐκεῖθεν</span> 
     </span>
     <span class='ocr_line' id='line_1_40' title="bbox 505 4120 1666 4185; baseline 0 -16"><span class='ocrx_word' id='word_1_294' title='bbox 505 4123 596 4182; x_wconf 77' lang='grc' dir='ltr'>τὴν</span> <span class='ocrx_word' id='word_1_295' title='bbox 639 4123 796 4184; x_wconf 74' lang='grc' dir='ltr'>ἀρχὴν</span> <span class='ocrx_word' id='word_1_296' title='bbox 833 4123 1010 4184; x_wconf 73' lang='grc' dir='ltr'>ἔλαβεν</span> <span class='ocrx_word' id='word_1_297' title='bbox 1049 4123 1106 4172; x_wconf 82' lang='grc' dir='ltr'>τὸ</span> <span class='ocrx_word' id='word_1_298' title='bbox 1149 4123 1391 4185; x_wconf 66' lang='grc' dir='ltr'>κήρυγμα,</span> <span class='ocrx_word' id='word_1_299' title='bbox 1435 4120 1550 4170; x_wconf 75' lang='grc' dir='ltr'><strong>ἀλλ’</strong></span> <span class='ocrx_word' id='word_1_300' title='bbox 1589 4122 1666 4170; x_wconf 80' lang='grc' dir='ltr'>ὅτι</span> 
     </span>
     <span class='ocr_line' id='line_1_41' title="bbox 506 4202 1664 4265; baseline 0.001 -15"><span class='ocrx_word' id='word_1_301' title='bbox 506 4204 687 4251; x_wconf 82' lang='grc' dir='ltr'>τούτων</span> <span class='ocrx_word' id='word_1_302' title='bbox 707 4202 740 4264; x_wconf 76' lang='grc' dir='ltr'><strong>ἡ</strong></span> <span class='ocrx_word' id='word_1_303' title='bbox 761 4205 874 4265; x_wconf 72' lang='grc' dir='ltr'>περὶ</span> <span class='ocrx_word' id='word_1_304' title='bbox 895 4205 960 4253; x_wconf 77' lang='grc' dir='ltr'>τὰ</span> <span class='ocrx_word' id='word_1_305' title='bbox 989 4204 1096 4252; x_wconf 82' lang='grc' dir='ltr'>θεῖα</span> <span class='ocrx_word' id='word_1_306' title='bbox 1125 4204 1365 4265; x_wconf 62' lang='grc' dir='ltr'>προθυμία</span> <span class='ocrx_word' id='word_1_307' title='bbox 1398 4203 1664 4265; x_wconf 73' lang='grc' dir='ltr'>πολυθρύλ-</span> 
     </span>
     <span class='ocr_line' id='line_1_42' title="bbox 507 4284 1662 4347; baseline 0 -14"><span class='ocrx_word' id='word_1_308' title='bbox 507 4287 650 4344; x_wconf 75' lang='grc' dir='ltr'>λητος</span> <span class='ocrx_word' id='word_1_309' title='bbox 671 4286 904 4346; x_wconf 69' lang='grc' dir='ltr'>γενομένη</span> <span class='ocrx_word' id='word_1_310' title='bbox 932 4287 1144 4336; x_wconf 70' lang='grc' dir='ltr'>πολλοὺς</span> <span class='ocrx_word' id='word_1_311' title='bbox 1167 4287 1231 4337; x_wconf 74' lang='grc' dir='ltr'>εἰς</span> <span class='ocrx_word' id='word_1_312' title='bbox 1252 4284 1400 4346; x_wconf 67' lang='grc' dir='ltr'>ζῆλον</span> <span class='ocrx_word' id='word_1_313' title='bbox 1423 4289 1509 4347; x_wconf 79' lang='grc' dir='ltr'>τῆς</span> <span class='ocrx_word' id='word_1_314' title='bbox 1531 4288 1662 4334; x_wconf 77' lang='grc' dir='ltr'>εὐσε-</span> 
     </span>
     <span class='ocr_line' id='line_1_43' title="bbox 503 4365 1666 4433; baseline 0.003 -19"><span class='ocrx_word' id='word_1_315' title='bbox 503 4367 638 4428; x_wconf 71' lang='grc' dir='ltr'>βείας</span> <span class='ocrx_word' id='word_1_316' title='bbox 659 4365 888 4427; x_wconf 73' lang='grc' dir='ltr'><strong><em>ἐκίνησεν.</em></strong></span> <span class='ocrx_word' id='word_1_317' title='bbox 961 4367 1040 4419; x_wconf 81' lang='lat' dir='ltr'>Cf.</span> <span class='ocrx_word' id='word_1_318' title='bbox 1070 4368 1291 4433; x_wconf 87' lang='lat' dir='ltr'>Thpht.:</span> <span class='ocrx_word' id='word_1_319' title='bbox 1323 4369 1601 4418; x_wconf 69' lang='grc' dir='ltr'>τουτέστιν·</span> <span class='ocrx_word' id='word_1_320' title='bbox 1632 4367 1666 4426; x_wconf 80' lang='grc' dir='ltr'><strong>ἡ</strong></span> 
     </span>
    </p>
   </div>
   <div class='ocr_carea' id='block_1_24' title="bbox 507 4447 1665 4514">
    <p class='ocr_par' dir='ltr' id='par_1_25' title="bbox 507 4447 1665 4514">
     <span class='ocr_line' id='line_1_44' title="bbox 507 4447 1665 4514; baseline 0.014 -18"><span class='ocrx_word' id='word_1_321' title='bbox 507 4449 616 4510; x_wconf 62' lang='grc' dir='ltr'>περὶ</span> <span class='ocrx_word' id='word_1_322' title='bbox 648 4450 733 4510; x_wconf 69' lang='grc' dir='ltr'>τῆς</span> <span class='ocrx_word' id='word_1_323' title='bbox 767 4449 894 4510; x_wconf 72' lang='grc' dir='ltr'><strong><em>ὑμῶν</em></strong></span> <span class='ocrx_word' id='word_1_324' title='bbox 929 4447 1097 4514; x_wconf 58' lang='lat' dir='ltr'>apta-352</span> <span class='ocrx_word' id='word_1_325' title='bbox 1129 4451 1269 4512; x_wconf 78' lang='grc' dir='ltr'>φήμη</span> <span class='ocrx_word' id='word_1_326' title='bbox 1301 4451 1526 4511; x_wconf 68' lang='grc' dir='ltr'>ἐποίησεν</span> <span class='ocrx_word' id='word_1_327' title='bbox 1559 4447 1665 4510; x_wconf 55' lang='grc' dir='ltr'>ἐὲαέ</span> 
     </span>
    </p>
   </div>
   <div class='ocr_carea' id='block_1_25' title="bbox 1757 3546 2919 3697">
    <p class='ocr_par' dir='ltr' id='par_1_26' title="bbox 1757 3546 2919 3697">
     <span class='ocr_line' id='line_1_45' title="bbox 1757 3546 2919 3610; baseline 0 -13"><span class='ocrx_word' id='word_1_328' title='bbox 1757 3550 1949 3597; x_wconf 75' lang='grc' dir='ltr'>κοῦσιον</span> <span class='ocrx_word' id='word_1_329' title='bbox 1967 3548 2195 3610; x_wconf 70' lang='grc' dir='ltr'>’γενέσθαι</span> <span class='ocrx_word' id='word_1_330' title='bbox 2225 3546 2373 3596; x_wconf 74' lang='grc' dir='ltr'>πᾶσιν</span> <span class='ocrx_word' id='word_1_331' title='bbox 2398 3548 2457 3596; x_wconf 82' lang='grc' dir='ltr'>τὸ</span> <span class='ocrx_word' id='word_1_332' title='bbox 2488 3546 2725 3608; x_wconf 77' lang='grc' dir='ltr'>κήρυγμα.</span> <span class='ocrx_word' id='word_1_333' title='bbox 2792 3547 2919 3597; x_wconf 85' lang='lat' dir='ltr'>Am·</span> 
     </span>
     <span class='ocr_line' id='line_1_46' title="bbox 1758 3629 2766 3697; baseline -0.002 -16"><span class='ocrx_word' id='word_1_334' title='bbox 1758 3633 1905 3682; x_wconf 86' lang='lat' dir='ltr'>brstr.</span> <span class='ocrx_word' id='word_1_335' title='bbox 1928 3630 2210 3697; x_wconf 83' lang='lat' dir='ltr'>appositely</span> <span class='ocrx_word' id='word_1_336' title='bbox 2230 3629 2383 3680; x_wconf 83' lang='lat' dir='ltr'>refers</span> <span class='ocrx_word' id='word_1_337' title='bbox 2406 3635 2458 3678; x_wconf 88' lang='lat' dir='ltr'>to</span> <span class='ocrx_word' id='word_1_338' title='bbox 2482 3629 2632 3679; x_wconf 86' lang='lat' dir='ltr'>Rom.</span> <span class='ocrx_word' id='word_1_339' title='bbox 2660 3629 2695 3678; x_wconf 89' lang='lat' dir='ltr'>i.</span> <span class='ocrx_word' id='word_1_340' title='bbox 2720 3631 2766 3679; x_wconf 90' lang='lat'>8.</span> 
     </span>
    </p>
   </div>
   <div class='ocr_carea' id='block_1_26' title="bbox 1762 3711 2931 4513">
    <p class='ocr_par' dir='ltr' id='par_1_27' title="bbox 1762 3711 2931 4186">
     <span class='ocr_line' id='line_1_47' title="bbox 1830 3711 2919 3776; baseline -0.001 -14"><span class='ocrx_word' id='word_1_341' title='bbox 1830 3727 1851 3762; x_wconf 85' lang='lat'><strong>1</strong></span> <span class='ocrx_word' id='word_1_342' title='bbox 1864 3729 1906 3762; x_wconf 80' lang='grc' dir='ltr'>ι.</span> <span class='ocrx_word' id='word_1_343' title='bbox 1972 3711 2315 3772; x_wconf 76' lang='lat' dir='ltr'>adhortentur]</span> <span class='ocrx_word' id='word_1_344' title='bbox 2383 3711 2494 3760; x_wconf 87' lang='lat' dir='ltr'>The</span> <span class='ocrx_word' id='word_1_345' title='bbox 2540 3711 2641 3761; x_wconf 90' lang='lat' dir='ltr'>Gk.</span> <span class='ocrx_word' id='word_1_346' title='bbox 2693 3720 2919 3776; x_wconf 83' lang='lat' dir='ltr'>suggests</span> 
     </span>
     <span class='ocr_line' id='line_1_48' title="bbox 1762 3793 2924 3858; baseline -0.003 -13"><span class='ocrx_word' id='word_1_347' title='bbox 1762 3795 1848 3846; x_wconf 81' lang='lat' dir='ltr'>the</span> <span class='ocrx_word' id='word_1_348' title='bbox 1870 3795 2097 3844; x_wconf 74' lang='lat' dir='ltr'>addition</span> <span class='ocrx_word' id='word_1_349' title='bbox 2120 3793 2178 3843; x_wconf 83' lang='lat' dir='ltr'>of</span> <span class='ocrx_word' id='word_1_350' title='bbox 2196 3809 2252 3843; x_wconf 85' lang='lat' dir='ltr'>ea</span> <span class='ocrx_word' id='word_1_351' title='bbox 2284 3809 2411 3858; x_wconf 79' lang='lat' dir='ltr'>quae</span> <span class='ocrx_word' id='word_1_352' title='bbox 2439 3809 2557 3857; x_wconf 76' lang='lat' dir='ltr'>erga</span> <span class='ocrx_word' id='word_1_353' title='bbox 2590 3809 2678 3843; x_wconf 79' lang='lat' dir='ltr'>uos</span> <span class='ocrx_word' id='word_1_354' title='bbox 2704 3801 2840 3850; x_wconf 80' lang='lat' dir='ltr'>sunt,</span> <span class='ocrx_word' id='word_1_355' title='bbox 2865 3809 2924 3843; x_wconf 89' lang='lat' dir='ltr'>or</span> 
     </span>
     <span class='ocr_line' id='line_1_49' title="bbox 1762 3874 2925 3940; baseline -0.002 -14"><span class='ocrx_word' id='word_1_356' title='bbox 1762 3876 1847 3926; x_wconf 86' lang='lat' dir='ltr'>the</span> <span class='ocrx_word' id='word_1_357' title='bbox 1862 3875 1987 3938; x_wconf 79' lang='lat' dir='ltr'>like3</span> <span class='ocrx_word' id='word_1_358' title='bbox 2010 3891 2067 3925; x_wconf 85' lang='lat' dir='ltr'>or</span> <span class='ocrx_word' id='word_1_359' title='bbox 2089 3875 2174 3926; x_wconf 84' lang='lat' dir='ltr'>the</span> <span class='ocrx_word' id='word_1_360' title='bbox 2197 3875 2389 3940; x_wconf 80' lang='lat' dir='ltr'>change</span> <span class='ocrx_word' id='word_1_361' title='bbox 2406 3875 2465 3925; x_wconf 79' lang='lat' dir='ltr'>of</span> <span class='ocrx_word' id='word_1_362' title='bbox 2477 3875 2805 3925; x_wconf 52' lang='lat' dir='ltr'>adhortentur</span> <span class='ocrx_word' id='word_1_363' title='bbox 2815 3874 2925 3925; x_wconf 85' lang='lat' dir='ltr'>into</span> 
     </span>
     <span class='ocr_line' id='line_1_50' title="bbox 1762 3955 2931 4022; baseline -0.003 -15"><span class='ocrx_word' id='word_1_364' title='bbox 1762 3957 2054 4007; x_wconf 77' lang='lat' dir='ltr'>adhortetur</span> <span class='ocrx_word' id='word_1_365' title='bbox 2094 3957 2181 4022; x_wconf 89' lang='lat' dir='ltr'>(sc.</span> <span class='ocrx_word' id='word_1_366' title='bbox 2212 3957 2343 4022; x_wconf 83' lang='lat' dir='ltr'>fidei</span> <span class='ocrx_word' id='word_1_367' title='bbox 2382 3973 2434 4005; x_wconf 82' lang='lat' dir='ltr'>u.</span> <span class='ocrx_word' id='word_1_368' title='bbox 2474 3957 2724 4022; x_wconf 82' lang='lat' dir='ltr'>firmitas)</span> <span class='ocrx_word' id='word_1_369' title='bbox 2771 3971 2829 4006; x_wconf 88' lang='lat' dir='ltr'>or</span> <span class='ocrx_word' id='word_1_370' title='bbox 2871 3955 2931 4005; x_wconf 85' lang='lat' dir='ltr'>of</span> 
     </span>
     <span class='ocr_line' id='line_1_51' title="bbox 1764 4038 2923 4089; baseline -0.002 -1"><span class='ocrx_word' id='word_1_371' title='bbox 1764 4039 1939 4088; x_wconf 81' lang='lat' dir='ltr'>alteros</span> <span class='ocrx_word' id='word_1_372' title='bbox 1982 4038 2089 4088; x_wconf 89' lang='lat' dir='ltr'>into</span> <span class='ocrx_word' id='word_1_373' title='bbox 2132 4039 2293 4088; x_wconf 60' lang='lat' dir='ltr'>alteri.</span> <span class='ocrx_word' id='word_1_374' title='bbox 2374 4039 2479 4088; x_wconf 86' lang='lat' dir='ltr'>For</span> <span class='ocrx_word' id='word_1_375' title='bbox 2522 4040 2785 4089; x_wconf 77' lang='lat' dir='ltr'>adhortare</span> <span class='ocrx_word' id='word_1_376' title='bbox 2824 4045 2923 4089; x_wconf 81' lang='lat' dir='ltr'>act.</span> 
     </span>
     <span class='ocr_line' id='line_1_52' title="bbox 1766 4122 2319 4186; baseline 0.004 -14"><span class='ocrx_word' id='word_1_377' title='bbox 1766 4137 1849 4172; x_wconf 82' lang='lat' dir='ltr'>see</span> <span class='ocrx_word' id='word_1_378' title='bbox 1872 4138 1922 4186; x_wconf 89' lang='lat' dir='ltr'>p.</span> <span class='ocrx_word' id='word_1_379' title='bbox 1945 4139 1996 4184; x_wconf 81' lang='lat'>4,</span> <span class='ocrx_word' id='word_1_380' title='bbox 2020 4122 2055 4171; x_wconf 93' lang='lat'>1.</span> <span class='ocrx_word' id='word_1_381' title='bbox 2082 4138 2156 4182; x_wconf 88' lang='lat'>11,</span> <span class='ocrx_word' id='word_1_382' title='bbox 2184 4129 2319 4174; x_wconf 81' lang='lat' dir='ltr'>note.</span> 
     </span>
    </p>

    <p class='ocr_par' dir='ltr' id='par_1_28' title="bbox 1767 4203 2925 4513">
     <span class='ocr_line' id='line_1_53' title="bbox 1839 4203 2925 4268; baseline -0.001 -14"><span class='ocrx_word' id='word_1_383' title='bbox 1839 4219 1915 4268; x_wconf 77' lang='lat'>13.</span> <span class='ocrx_word' id='word_1_384' title='bbox 1992 4205 2067 4254; x_wconf 84' lang='lat' dir='ltr'>ita</span> <span class='ocrx_word' id='word_1_385' title='bbox 2118 4210 2178 4253; x_wconf 81' lang='lat' dir='ltr'>ut</span> <span class='ocrx_word' id='word_1_386' title='bbox 2229 4220 2331 4254; x_wconf 80' lang='lat' dir='ltr'>non</span> <span class='ocrx_word' id='word_1_387' title='bbox 2387 4219 2569 4253; x_wconf 84' lang='lat' dir='ltr'>necesse</span> <span class='ocrx_word' id='word_1_388' title='bbox 2616 4203 2754 4264; x_wconf 66' lang='lat' dir='ltr'>hab]</span> <span class='ocrx_word' id='word_1_389' title='bbox 2854 4203 2925 4253; x_wconf 94' lang='lat' dir='ltr'>So</span> 
     </span>
     <span class='ocr_line' id='line_1_54' title="bbox 1768 4284 2923 4350; baseline 0 -16"><span class='ocrx_word' id='word_1_390' title='bbox 1768 4285 2019 4334; x_wconf 82' lang='lat' dir='ltr'>Ambrstr.</span> <span class='ocrx_word' id='word_1_391' title='bbox 2058 4286 2165 4346; x_wconf 75' lang='lat' dir='ltr'>Qui</span> <span class='ocrx_word' id='word_1_392' title='bbox 2191 4285 2367 4350; x_wconf 56' lang='lat' dir='ltr'>eripiet</span> <span class='ocrx_word' id='word_1_393' title='bbox 2398 4287 2505 4346; x_wconf 78' lang='grc' dir='ltr'>(τὸν</span> <span class='ocrx_word' id='word_1_394' title='bbox 2544 4284 2811 4348; x_wconf 72' lang='grc' dir='ltr'>ῥυόμενον);</span> <span class='ocrx_word' id='word_1_395' title='bbox 2867 4300 2923 4334; x_wconf 83' lang='lat' dir='ltr'>so</span> 
     </span>
     <span class='ocr_line' id='line_1_55' title="bbox 1767 4365 2918 4430; baseline -0.001 -13"><span class='ocrx_word' id='word_1_396' title='bbox 1767 4367 1835 4417; x_wconf 93' lang='lat'>0.</span> <span class='ocrx_word' id='word_1_397' title='bbox 1856 4368 1916 4416; x_wconf 92' lang='lat' dir='ltr'>L.</span> <span class='ocrx_word' id='word_1_398' title='bbox 1975 4366 2087 4416; x_wconf 88' lang='lat' dir='ltr'>The</span> <span class='ocrx_word' id='word_1_399' title='bbox 2130 4365 2282 4430; x_wconf 82' lang='lat' dir='ltr'><strong>Vulg.</strong></span> <span class='ocrx_word' id='word_1_400' title='bbox 2323 4365 2420 4416; x_wconf 82' lang='lat' dir='ltr'>less</span> <span class='ocrx_word' id='word_1_401' title='bbox 2463 4367 2659 4430; x_wconf 81' lang='lat' dir='ltr'>exactly</span> <span class='ocrx_word' id='word_1_402' title='bbox 2703 4365 2918 4425; x_wconf 69' lang='lat' dir='ltr'>renderS,</span> 
     </span>
     <span class='ocr_line' id='line_1_56' title="bbox 1771 4445 2160 4513; baseline 0 -16"><span class='ocrx_word' id='word_1_403' title='bbox 1771 4447 1903 4513; x_wconf 86' lang='lat' dir='ltr'>“qui</span> <span class='ocrx_word' id='word_1_404' title='bbox 1927 4445 2160 4512; x_wconf 84' lang='lat' dir='ltr'>eripuit.’&#39;</span> 
     </span>
    </p>
   </div>
   <div class='ocr_carea' id='block_1_27' title="bbox 3240 560 3244 1989">
    <p class='ocr_par' dir='ltr' id='par_1_29' title="bbox 3240 560 3244 1989">
     <span class='ocr_line' id='line_1_57' title="bbox 3240 560 3244 1989; baseline 0 0"><span class='ocrx_word' id='word_1_405' title='bbox 3240 560 3244 1989; x_wconf 95' lang='lat' dir='ltr'> </span> 
     </span>
    </p>
   </div>
   <div class='ocr_carea' id='block_1_28' title="bbox 3240 560 3244 1989">
    <p class='ocr_par' dir='ltr' id='par_1_30' title="bbox 3240 560 3244 1989">
     <span class='ocr_line' id='line_1_58' title="bbox 3240 560 3244 1989; baseline 0 0"><span class='ocrx_word' id='word_1_406' title='bbox 3240 560 3244 1989; x_wconf 95' lang='lat' dir='ltr'> </span> 
     </span>
    </p>
   </div>
  </div>
 </body>
</html>
