<?xml version="1.0" encoding="UTF-8"?>
<!DOCTYPE html PUBLIC "-//W3C//DTD XHTML 1.0 Transitional//EN"
    "http://www.w3.org/TR/xhtml1/DTD/xhtml1-transitional.dtd">
<html xmlns="http://www.w3.org/1999/xhtml" xml:lang="en" lang="en">
 <head>
  <title>
</title>
<meta http-equiv="Content-Type" content="text/html;charset=utf-8" />
  <meta name='ocr-system' content='tesseract 3.04.00' />
  <meta name='ocr-capabilities' content='ocr_page ocr_carea ocr_par ocr_line ocrx_word'/>
</head>
<body>
  <div class='ocr_page' id='page_1' title='image "./theodoriepiscop01swetgoog_0259.png"; bbox 0 0 3250 5025; ppageno 0'>
   <div class='ocr_carea' id='block_1_1' title="bbox 358 326 697 412">
    <p class='ocr_par' dir='ltr' id='par_1_1' title="bbox 358 326 697 412">
     <span class='ocr_line' id='line_1_1' title="bbox 358 326 697 412; baseline 0.015 -6"><span class='ocrx_word' id='word_1_1' title='bbox 358 326 447 389; x_wconf 69' lang='grc' dir='ltr'><strong>ΙΙ·</strong></span> <span class='ocrx_word' id='word_1_2' title='bbox 485 326 697 412; x_wconf 54' lang='grc' dir='ltr'>ςν-ς]</span> 
     </span>
    </p>
   </div>
   <div class='ocr_carea' id='block_1_2' title="bbox 351 513 1574 596">
    <p class='ocr_par' dir='ltr' id='par_1_2' title="bbox 351 513 1574 596">
     <span class='ocr_line' id='line_1_2' title="bbox 351 513 1574 596; baseline 0.006 -20"><span class='ocrx_word' id='word_1_3' title='bbox 351 513 752 596; x_wconf 85' lang='lat' dir='ltr'><strong>presbyterii</strong></span> <span class='ocrx_word' id='word_1_4' title='bbox 809 514 1103 579; x_wconf 82' lang='lat' dir='ltr'><strong>officium</strong></span> <span class='ocrx_word' id='word_1_5' title='bbox 1163 517 1574 583; x_wconf 89' lang='lat' dir='ltr'><strong>sortirentur.</strong></span> 
     </span>
    </p>
   </div>
   <div class='ocr_carea' id='block_1_3' title="bbox 1244 342 1940 396">
    <p class='ocr_par' dir='ltr' id='par_1_3' title="bbox 1244 342 1940 396">
     <span class='ocr_line' id='line_1_3' title="bbox 1244 342 1940 396; baseline 0.007 -5"><span class='ocrx_word' id='word_1_6' title='bbox 1244 342 1325 393; x_wconf 90' lang='lat' dir='ltr'><strong>IN</strong></span> <span class='ocrx_word' id='word_1_7' title='bbox 1376 343 1481 395; x_wconf 88' lang='grc' dir='ltr'><strong>ΕΡ.</strong></span> <span class='ocrx_word' id='word_1_8' title='bbox 1527 344 1634 393; x_wconf 81' lang='lat' dir='ltr'><strong>AD</strong></span> <span class='ocrx_word' id='word_1_9' title='bbox 1679 344 1940 396; x_wconf 84' lang='lat' dir='ltr'><strong>TITUM.</strong></span> 
     </span>
    </p>
   </div>
   <div class='ocr_carea' id='block_1_4' title="bbox 2645 344 2772 411">
    <p class='ocr_par' dir='ltr' id='par_1_4' title="bbox 2645 344 2772 411">
     <span class='ocr_line' id='line_1_4' title="bbox 2645 344 2772 411; baseline 0.031 -4"><span class='ocrx_word' id='word_1_10' title='bbox 2645 344 2772 411; x_wconf 88' lang='lat'><strong>247</strong></span> 
     </span>
    </p>
   </div>
   <div class='ocr_carea' id='block_1_5' title="bbox 1666 512 2775 581">
    <p class='ocr_par' dir='ltr' id='par_1_5' title="bbox 1666 512 2775 581">
     <span class='ocr_line' id='line_1_5' title="bbox 1666 512 2775 581; baseline -0.004 0"><span class='ocrx_word' id='word_1_11' title='bbox 1666 516 1796 581; x_wconf 91' lang='lat' dir='ltr'><strong>hoc</strong></span> <span class='ocrx_word' id='word_1_12' title='bbox 1853 516 2033 581; x_wconf 88' lang='lat' dir='ltr'><strong>enim</strong></span> <span class='ocrx_word' id='word_1_13' title='bbox 2085 514 2349 580; x_wconf 78' lang='lat' dir='ltr'><strong>instruit</strong></span> <span class='ocrx_word' id='word_1_14' title='bbox 2395 514 2558 578; x_wconf 90' lang='lat' dir='ltr'><strong>dum</strong></span> <span class='ocrx_word' id='word_1_15' title='bbox 2611 512 2775 577; x_wconf 91' lang='lat' dir='ltr'><strong>dicit</strong></span> 
     </span>
    </p>
   </div>
   <div class='ocr_carea' id='block_1_6' title="bbox 350 618 2881 1009">
    <p class='ocr_par' dir='ltr' id='par_1_6' title="bbox 350 618 2881 1009">
     <span class='ocr_line' id='line_1_6' title="bbox 350 618 2779 701; baseline -0.001 -20"><span class='ocrx_word' id='word_1_16' title='bbox 350 619 675 683; x_wconf 80' lang='lat' dir='ltr'><strong>similiter</strong></span> <span class='ocrx_word' id='word_1_17' title='bbox 688 640 715 697; x_wconf 91' lang='lat'><em>;</em></span> <span class='ocrx_word' id='word_1_18' title='bbox 792 619 939 683; x_wconf 90' lang='lat' dir='ltr'><strong>uult</strong></span> <span class='ocrx_word' id='word_1_19' title='bbox 1000 619 1181 683; x_wconf 87' lang='lat' dir='ltr'><strong>enim</strong></span> <span class='ocrx_word' id='word_1_20' title='bbox 1243 620 1463 683; x_wconf 85' lang='lat' dir='ltr'><strong>dicere</strong></span> <span class='ocrx_word' id='word_1_21' title='bbox 1524 628 1597 683; x_wconf 92' lang='lat' dir='ltr'><strong>ut</strong></span> <span class='ocrx_word' id='word_1_22' title='bbox 1629 627 1698 683; x_wconf 91' lang='lat' dir='ltr'><strong>et</strong></span> <span class='ocrx_word' id='word_1_23' title='bbox 1751 618 2059 683; x_wconf 88' lang='lat' dir='ltr'><strong>mulieres</strong></span> <span class='ocrx_word' id='word_1_24' title='bbox 2118 639 2292 701; x_wconf 89' lang='lat' dir='ltr'><strong>quae</strong></span> <span class='ocrx_word' id='word_1_25' title='bbox 2349 625 2573 681; x_wconf 87' lang='lat' dir='ltr'><strong>aetate</strong></span> <span class='ocrx_word' id='word_1_26' title='bbox 2622 623 2779 679; x_wconf 81' lang='lat' dir='ltr'><strong>sunt</strong></span> 
     </span>
     <span class='ocr_line' id='line_1_7' title="bbox 350 718 2773 805; baseline -0.002 -20"><span class='ocrx_word' id='word_1_27' title='bbox 350 731 710 805; x_wconf 88' lang='lat' dir='ltr'><strong>prouectae</strong></span> <span class='ocrx_word' id='word_1_28' title='bbox 740 722 976 787; x_wconf 90' lang='lat' dir='ltr'><strong>habitu</strong></span> <span class='ocrx_word' id='word_1_29' title='bbox 1006 723 1141 785; x_wconf 87' lang='lat' dir='ltr'><strong>sint</strong></span> <span class='ocrx_word' id='word_1_30' title='bbox 1172 721 1436 786; x_wconf 89' lang='lat' dir='ltr'><strong>decenti</strong></span> <span class='ocrx_word' id='word_1_31' title='bbox 1467 732 1766 801; x_wconf 89' lang='lat' dir='ltr'><strong>ornatae,</strong></span> <span class='ocrx_word' id='word_1_32' title='bbox 1793 722 1861 785; x_wconf 90' lang='lat' dir='ltr'><strong>id</strong></span> <span class='ocrx_word' id='word_1_33' title='bbox 1895 732 2014 799; x_wconf 87' lang='lat' dir='ltr'><strong>est,</strong></span> <span class='ocrx_word' id='word_1_34' title='bbox 2039 730 2112 785; x_wconf 90' lang='lat' dir='ltr'><strong>ut</strong></span> <span class='ocrx_word' id='word_1_35' title='bbox 2143 742 2302 803; x_wconf 86' lang='lat' dir='ltr'><strong>erga</strong></span> <span class='ocrx_word' id='word_1_36' title='bbox 2333 718 2773 785; x_wconf 88' lang='lat' dir='ltr'><strong>reuerentiam</strong></span> 
     </span>
     <span class='ocr_line' id='line_1_8' title="bbox 350 822 2775 907; baseline -0.001 -19"><span class='ocrx_word' id='word_1_37' title='bbox 350 834 419 889; x_wconf 92' lang='lat' dir='ltr'><strong>et</strong></span> <span class='ocrx_word' id='word_1_38' title='bbox 469 825 939 889; x_wconf 87' lang='lat' dir='ltr'><strong>uerecundiam</strong></span> <span class='ocrx_word' id='word_1_39' title='bbox 992 826 1127 889; x_wconf 88' lang='lat' dir='ltr'><strong>sint</strong></span> <span class='ocrx_word' id='word_1_40' title='bbox 1169 824 1561 907; x_wconf 76' lang='lat' dir='ltr'><strong>perfectae,*</strong></span> <span class='ocrx_word' id='word_1_41' title='bbox 1610 845 1734 889; x_wconf 89' lang='lat' dir='ltr'><strong>nec</strong></span> <span class='ocrx_word' id='word_1_42' title='bbox 1783 826 1943 890; x_wconf 89' lang='lat' dir='ltr'><strong>uino</strong></span> <span class='ocrx_word' id='word_1_43' title='bbox 1990 825 2342 889; x_wconf 87' lang='lat' dir='ltr'><strong>intendant</strong></span> <span class='ocrx_word' id='word_1_44' title='bbox 2390 822 2605 889; x_wconf 89' lang='lat' dir='ltr'><strong>multo</strong></span> <span class='ocrx_word' id='word_1_45' title='bbox 2657 832 2775 887; x_wconf 87' lang='lat' dir='ltr'><strong>aut</strong></span> 
     </span>
     <span class='ocr_line' id='line_1_9' title="bbox 350 926 2881 1009; baseline 0 -18"><span class='ocrx_word' id='word_1_46' title='bbox 350 927 694 1004; x_wconf 82' lang='lat' dir='ltr'><strong>ebrietati3</strong></span> <span class='ocrx_word' id='word_1_47' title='bbox 740 927 859 991; x_wconf 91' lang='lat' dir='ltr'><strong>sed</strong></span> <span class='ocrx_word' id='word_1_48' title='bbox 906 948 1027 991; x_wconf 90' lang='lat' dir='ltr'><strong>nec</strong></span> <span class='ocrx_word' id='word_1_49' title='bbox 1074 928 1350 993; x_wconf 89' lang='lat' dir='ltr'><strong>istorum</strong></span> <span class='ocrx_word' id='word_1_50' title='bbox 1406 928 1611 993; x_wconf 86' lang='lat' dir='ltr'><strong>uerba</strong></span> <span class='ocrx_word' id='word_1_51' title='bbox 1660 927 1749 993; x_wconf 87' lang='lat' dir='ltr'><strong>ad</strong></span> <span class='ocrx_word' id='word_1_52' title='bbox 1795 928 1946 993; x_wconf 89' lang='lat' dir='ltr'><strong>illos</strong></span> <span class='ocrx_word' id='word_1_53' title='bbox 1993 949 2116 993; x_wconf 90' lang='lat' dir='ltr'><strong>nec</strong></span> <span class='ocrx_word' id='word_1_54' title='bbox 2163 928 2428 993; x_wconf 88' lang='lat' dir='ltr'><strong>illorum</strong></span> <span class='ocrx_word' id='word_1_55' title='bbox 2471 926 2772 992; x_wconf 84' lang='lat' dir='ltr'><strong>deserant</strong></span> <span class='ocrx_word' id='word_1_56' title='bbox 2853 941 2881 1009; x_wconf 83' lang='lat'>5</span> 
     </span>
    </p>
   </div>
   <div class='ocr_carea' id='block_1_7' title="bbox 351 1033 674 1095">
    <p class='ocr_par' dir='ltr' id='par_1_7' title="bbox 351 1033 674 1095">
     <span class='ocr_line' id='line_1_10' title="bbox 351 1033 674 1095; baseline 0.003 -1"><span class='ocrx_word' id='word_1_57' title='bbox 351 1033 437 1095; x_wconf 90' lang='lat' dir='ltr'><strong>ad</strong></span> <span class='ocrx_word' id='word_1_58' title='bbox 494 1033 674 1095; x_wconf 78' lang='lat' dir='ltr'><strong>istos,</strong></span> 
     </span>
    </p>
   </div>
   <div class='ocr_carea' id='block_1_8' title="bbox 481 1176 984 1241">
    <p class='ocr_par' dir='ltr' id='par_1_8' title="bbox 481 1176 984 1241">
     <span class='ocr_line' id='line_1_11' title="bbox 481 1176 984 1241; baseline 0 0"><span class='ocrx_word' id='word_1_59' title='bbox 481 1176 642 1241; x_wconf 83' lang='lat' dir='ltr'><strong>bona</strong></span> <span class='ocrx_word' id='word_1_60' title='bbox 686 1176 984 1241; x_wconf 83' lang='lat' dir='ltr'><strong>docentes.</strong></span> 
     </span>
    </p>
   </div>
   <div class='ocr_carea' id='block_1_9' title="bbox 480 1300 2766 1388">
    <p class='ocr_par' dir='ltr' id='par_1_9' title="bbox 480 1300 2766 1388">
     <span class='ocr_line' id='line_1_12' title="bbox 480 1300 2766 1388; baseline -0.002 -19"><span class='ocrx_word' id='word_1_61' title='bbox 480 1325 653 1388; x_wconf 90' lang='lat' dir='ltr'><strong>quae</strong></span> <span class='ocrx_word' id='word_1_62' title='bbox 699 1325 833 1368; x_wconf 90' lang='lat' dir='ltr'><strong>non</strong></span> <span class='ocrx_word' id='word_1_63' title='bbox 881 1301 1087 1367; x_wconf 89' lang='lat' dir='ltr'><strong>modo</strong></span> <span class='ocrx_word' id='word_1_64' title='bbox 1131 1302 1551 1387; x_wconf 86' lang='lat' dir='ltr'><strong>diligentiam</strong></span> <span class='ocrx_word' id='word_1_65' title='bbox 1598 1302 1895 1387; x_wconf 84' lang='lat' dir='ltr'><strong>poterint</strong></span> <span class='ocrx_word' id='word_1_66' title='bbox 1937 1301 2252 1367; x_wconf 91' lang='lat' dir='ltr'><strong>adhibere</strong></span> <span class='ocrx_word' id='word_1_67' title='bbox 2305 1300 2608 1379; x_wconf 88' lang='lat' dir='ltr'><strong>bonitati,</strong></span> <span class='ocrx_word' id='word_1_68' title='bbox 2649 1302 2766 1365; x_wconf 89' lang='lat' dir='ltr'><strong>sed</strong></span> 
     </span>
    </p>
   </div>
   <div class='ocr_carea' id='block_1_10' title="bbox 349 1406 1539 1489">
    <p class='ocr_par' dir='ltr' id='par_1_10' title="bbox 349 1406 1539 1489">
     <span class='ocr_line' id='line_1_13' title="bbox 349 1406 1539 1489; baseline -0.002 -16"><span class='ocrx_word' id='word_1_69' title='bbox 349 1417 417 1473; x_wconf 90' lang='lat' dir='ltr'><strong>et</strong></span> <span class='ocrx_word' id='word_1_70' title='bbox 450 1407 686 1471; x_wconf 86' lang='lat' dir='ltr'><strong>docere</strong></span> <span class='ocrx_word' id='word_1_71' title='bbox 718 1406 835 1472; x_wconf 90' lang='lat' dir='ltr'><strong>illa</strong></span> <span class='ocrx_word' id='word_1_72' title='bbox 866 1428 1039 1489; x_wconf 91' lang='lat' dir='ltr'><strong>quae</strong></span> <span class='ocrx_word' id='word_1_73' title='bbox 1069 1416 1229 1471; x_wconf 88' lang='lat' dir='ltr'><strong>sunt</strong></span> <span class='ocrx_word' id='word_1_74' title='bbox 1258 1407 1539 1489; x_wconf 88' lang='lat' dir='ltr'><strong>optima.</strong></span> 
     </span>
    </p>
   </div>
   <div class='ocr_carea' id='block_1_11' title="bbox 1629 1406 2522 1490">
    <p class='ocr_par' dir='ltr' id='par_1_11' title="bbox 1629 1406 2522 1490">
     <span class='ocr_line' id='line_1_14' title="bbox 1629 1406 2522 1490; baseline 0.001 -20"><span class='ocrx_word' id='word_1_75' title='bbox 1629 1416 1697 1471; x_wconf 91' lang='lat' dir='ltr'><strong>et</strong></span> <span class='ocrx_word' id='word_1_76' title='bbox 1726 1428 1859 1490; x_wconf 91' lang='lat' dir='ltr'><strong>qua</strong></span> <span class='ocrx_word' id='word_1_77' title='bbox 1889 1406 1976 1471; x_wconf 90' lang='lat' dir='ltr'><strong>de</strong></span> <span class='ocrx_word' id='word_1_78' title='bbox 2006 1428 2206 1470; x_wconf 91' lang='lat' dir='ltr'><strong>causa</strong></span> <span class='ocrx_word' id='word_1_79' title='bbox 2236 1406 2522 1471; x_wconf 84' lang='lat' dir='ltr'><strong>dicitur?</strong></span> 
     </span>
    </p>
   </div>
   <div class='ocr_carea' id='block_1_12' title="bbox 344 1541 2883 1835">
    <p class='ocr_par' dir='ltr' id='par_1_12' title="bbox 344 1541 2883 1835">
     <span class='ocr_line' id='line_1_15' title="bbox 478 1541 2883 1627; baseline 0 -20"><span class='ocrx_word' id='word_1_80' title='bbox 478 1554 557 1607; x_wconf 88' lang='lat' dir='ltr'><strong>ut</strong></span> <span class='ocrx_word' id='word_1_81' title='bbox 584 1544 865 1626; x_wconf 79' lang='lat' dir='ltr'><strong>pudicas</strong></span> <span class='ocrx_word' id='word_1_82' title='bbox 912 1542 1179 1627; x_wconf 90' lang='lat' dir='ltr'><strong>(inquit)</strong></span> <span class='ocrx_word' id='word_1_83' title='bbox 1220 1542 1496 1625; x_wconf 84' lang='lat' dir='ltr'><strong>saciant</strong></span> <span class='ocrx_word' id='word_1_84' title='bbox 1542 1544 2056 1623; x_wconf 85' lang='lat' dir='ltr'><strong>adolescentulas,</strong></span> <span class='ocrx_word' id='word_1_85' title='bbox 2108 1543 2448 1627; x_wconf 61' lang='lat' dir='ltr'><strong>dz&#39;lzgentes</strong></span> <span class='ocrx_word' id='word_1_86' title='bbox 2499 1541 2771 1608; x_wconf 81' lang='lat' dir='ltr'><strong>maritos</strong></span> <span class='ocrx_word' id='word_1_87' title='bbox 2805 1552 2883 1598; x_wconf 94' lang='lat'><strong>10</strong></span> 
     </span>
     <span class='ocr_line' id='line_1_16' title="bbox 346 1638 2771 1731; baseline 0.002 -24"><span class='ocrx_word' id='word_1_88' title='bbox 346 1665 494 1708; x_wconf 80' lang='lat' dir='ltr'><em>suos·</em></span> <span class='ocrx_word' id='word_1_89' title='bbox 518 1656 583 1709; x_wconf 89' lang='lat' dir='ltr'><strong>et</strong></span> <span class='ocrx_word' id='word_1_90' title='bbox 590 1646 792 1729; x_wconf 82' lang='lat' dir='ltr'><strong>filios,</strong></span> <span class='ocrx_word' id='word_1_91' title='bbox 812 1647 1063 1710; x_wconf 81' lang='lat' dir='ltr'><strong>sobrias</strong></span> <span class='ocrx_word' id='word_1_92' title='bbox 1088 1668 1237 1727; x_wconf 86' lang='lat' dir='ltr'><strong>esse,</strong></span> <span class='ocrx_word' id='word_1_93' title='bbox 1261 1656 1493 1725; x_wconf 85' lang='lat' dir='ltr'><strong>castas,</strong></span> <span class='ocrx_word' id='word_1_94' title='bbox 1519 1647 1750 1711; x_wconf 84' lang='lat' dir='ltr'><strong>domus</strong></span> <span class='ocrx_word' id='word_1_95' title='bbox 1775 1670 1934 1711; x_wconf 82' lang='lat' dir='ltr'><em>suas</em></span> <span class='ocrx_word' id='word_1_96' title='bbox 1963 1649 2109 1714; x_wconf 86' lang='lat' dir='ltr'><strong>bene</strong></span> <span class='ocrx_word' id='word_1_97' title='bbox 2130 1658 2424 1731; x_wconf 76' lang='lat' dir='ltr'><strong>regenteS,</strong></span> <span class='ocrx_word' id='word_1_98' title='bbox 2448 1638 2771 1731; x_wconf 41' lang='lat' dir='ltr'><strong>benignae,</strong></span> 
     </span>
     <span class='ocr_line' id='line_1_17' title="bbox 344 1750 2480 1835; baseline 0.001 -23"><span class='ocrx_word' id='word_1_99' title='bbox 344 1750 641 1815; x_wconf 78' lang='lat' dir='ltr'><em>subditas</em></span> <span class='ocrx_word' id='word_1_100' title='bbox 653 1750 946 1834; x_wconf 80' lang='lat' dir='ltr'><strong>propriis</strong></span> <span class='ocrx_word' id='word_1_101' title='bbox 976 1752 1242 1816; x_wconf 82' lang='lat' dir='ltr'><strong>maritis</strong></span> <span class='ocrx_word' id='word_1_102' title='bbox 1259 1775 1288 1827; x_wconf 90' lang='lat'><strong>,·</strong></span> <span class='ocrx_word' id='word_1_103' title='bbox 1331 1762 1409 1817; x_wconf 85' lang='lat' dir='ltr'><strong>ut</strong></span> <span class='ocrx_word' id='word_1_104' title='bbox 1435 1774 1512 1818; x_wconf 90' lang='lat' dir='ltr'><strong>ne</strong></span> <span class='ocrx_word' id='word_1_105' title='bbox 1542 1752 1809 1817; x_wconf 84' lang='lat' dir='ltr'><strong>uerbum</strong></span> <span class='ocrx_word' id='word_1_106' title='bbox 1843 1752 1975 1815; x_wconf 81' lang='lat' dir='ltr'><strong>Dei</strong></span> <span class='ocrx_word' id='word_1_107' title='bbox 2000 1752 2480 1835; x_wconf 70' lang='lat' dir='ltr'><strong>blasphemetur.</strong></span> 
     </span>
    </p>
   </div>
   <div class='ocr_carea' id='block_1_13' title="bbox 342 1946 2776 2143">
    <p class='ocr_par' dir='ltr' id='par_1_13' title="bbox 342 1946 2776 2143">
     <span class='ocr_line' id='line_1_18' title="bbox 347 1946 2776 2036; baseline 0 -22"><span class='ocrx_word' id='word_1_108' title='bbox 347 1947 848 2036; x_wconf 81' lang='grc' dir='ltr'>πρεσβυτέρων.</span> <span class='ocrx_word' id='word_1_109' title='bbox 913 1946 1211 2015; x_wconf 80' lang='grc' dir='ltr'>διδάσκει</span> <span class='ocrx_word' id='word_1_110' title='bbox 1254 1950 1385 2036; x_wconf 76' lang='grc' dir='ltr'><strong>γὰρ</strong></span> <span class='ocrx_word' id='word_1_111' title='bbox 1436 1950 1674 2035; x_wconf 82' lang='grc' dir='ltr'>ὁμοίως</span> <span class='ocrx_word' id='word_1_112' title='bbox 1734 1952 1846 2017; x_wconf 81' lang='grc' dir='ltr'><strong>καὶ</strong></span> <span class='ocrx_word' id='word_1_113' title='bbox 1907 1954 2042 2016; x_wconf 73' lang='grc' dir='ltr'><strong>τῶν</strong></span> <span class='ocrx_word' id='word_1_114' title='bbox 2097 1952 2432 2033; x_wconf 69' lang='grc' dir='ltr'>’γυναικῶν</span> <span class='ocrx_word' id='word_1_115' title='bbox 2489 1946 2604 2020; x_wconf 72' lang='grc' dir='ltr'><strong>τὰς</strong></span> <span class='ocrx_word' id='word_1_116' title='bbox 2653 1948 2776 2031; x_wconf 80' lang='grc' dir='ltr'><strong>τὴν</strong></span> 
     </span>
     <span class='ocr_line' id='line_1_19' title="bbox 342 2050 2774 2143; baseline 0.001 -29"><span class='ocrx_word' id='word_1_117' title='bbox 342 2051 609 2132; x_wconf 76' lang='grc' dir='ltr'>ἠλικίαν</span> <span class='ocrx_word' id='word_1_118' title='bbox 656 2050 1101 2139; x_wconf 79' lang='grc' dir='ltr'>παλαιοτέρας</span> <span class='ocrx_word' id='word_1_119' title='bbox 1147 2050 1221 2118; x_wconf 81' lang='grc' dir='ltr'><strong>τὸ</strong></span> <span class='ocrx_word' id='word_1_120' title='bbox 1274 2056 1513 2143; x_wconf 63' lang='grc' dir='ltr'><strong>σχῖμα</strong></span> <span class='ocrx_word' id='word_1_121' title='bbox 1558 2052 1738 2143; x_wconf 85' lang='grc' dir='ltr'>ἔχειν</span> <span class='ocrx_word' id='word_1_122' title='bbox 1784 2052 2185 2141; x_wconf 77' lang='grc' dir='ltr'>ἱεροπρεπὲς,</span> <span class='ocrx_word' id='word_1_123' title='bbox 2232 2051 2340 2118; x_wconf 81' lang='grc' dir='ltr'>ἵνα.</span> <span class='ocrx_word' id='word_1_124' title='bbox 2387 2054 2542 2137; x_wconf 83' lang='grc' dir='ltr'>εἴπῃ</span> <span class='ocrx_word' id='word_1_125' title='bbox 2581 2059 2598 2085; x_wconf 91' lang='lat'>‘</span> <span class='ocrx_word' id='word_1_126' title='bbox 2618 2050 2774 2117; x_wconf 76' lang='grc' dir='ltr'>θαυ·</span> 
     </span>
    </p>
   </div>
   <div class='ocr_carea' id='block_1_14' title="bbox 343 2154 1187 2241">
    <p class='ocr_par' dir='ltr' id='par_1_14' title="bbox 343 2154 1187 2241">
     <span class='ocr_line' id='line_1_20' title="bbox 343 2154 1187 2241; baseline 0.001 -20"><span class='ocrx_word' id='word_1_127' title='bbox 343 2154 605 2241; x_wconf 79' lang='grc' dir='ltr'>μαστὸν</span> <span class='ocrx_word' id='word_1_128' title='bbox 648 2156 763 2221; x_wconf 80' lang='grc' dir='ltr'><strong>καὶ</strong></span> <span class='ocrx_word' id='word_1_129' title='bbox 805 2154 1187 2241; x_wconf 56' lang='lat' dir='ltr'><strong>aldea-mov?</strong></span> 
     </span>
    </p>
   </div>
   <div class='ocr_carea' id='block_1_15' title="bbox 2809 2153 2880 2220">
    <p class='ocr_par' dir='ltr' id='par_1_15' title="bbox 2809 2153 2880 2220">
     <span class='ocr_line' id='line_1_21' title="bbox 2809 2153 2880 2220; baseline 0 0"><span class='ocrx_word' id='word_1_130' title='bbox 2809 2153 2880 2220; x_wconf 83' lang='lat'><strong>15</strong></span> 
     </span>
    </p>
   </div>
   <div class='ocr_carea' id='block_1_16' title="bbox 446 2321 2772 2387">
    <p class='ocr_par' dir='ltr' id='par_1_16' title="bbox 446 2321 2772 2387">
     <span class='ocr_line' id='line_1_22' title="bbox 446 2321 2772 2387; baseline 0.001 -16"><span class='ocrx_word' id='word_1_131' title='bbox 446 2336 474 2387; x_wconf 82' lang='lat'><strong>3</strong></span> <span class='ocrx_word' id='word_1_132' title='bbox 506 2322 585 2371; x_wconf 76' lang='lat' dir='ltr'><strong>sui</strong></span> <span class='ocrx_word' id='word_1_133' title='bbox 608 2322 726 2387; x_wconf 82' lang='lat' dir='ltr'><strong>(sor</strong></span> <span class='ocrx_word' id='word_1_134' title='bbox 742 2322 861 2384; x_wconf 84' lang='lat' dir='ltr'><strong>sint)</strong></span> <span class='ocrx_word' id='word_1_135' title='bbox 886 2321 950 2387; x_wconf 81' lang='grc' dir='ltr'><strong>νΙ</strong></span> <span class='ocrx_word' id='word_1_136' title='bbox 979 2323 1169 2373; x_wconf 87' lang='lat' dir='ltr'><strong>dicenti</strong></span> <span class='ocrx_word' id='word_1_137' title='bbox 1190 2331 1396 2375; x_wconf 78' lang='lat' dir='ltr'><strong>ornatae</strong></span> <span class='ocrx_word' id='word_1_138' title='bbox 1417 2324 1552 2375; x_wconf 83' lang='lat' dir='ltr'><strong>idem</strong></span> <span class='ocrx_word' id='word_1_139' title='bbox 1581 2325 1626 2375; x_wconf 88' lang='lat' dir='ltr'><em>C</em></span> <span class='ocrx_word' id='word_1_140' title='bbox 1685 2324 1874 2377; x_wconf 83' lang='lat' dir='ltr'><strong>dicenti</strong></span> <span class='ocrx_word' id='word_1_141' title='bbox 1896 2326 2060 2376; x_wconf 82' lang='lat' dir='ltr'><strong>ornati</strong></span> <span class='ocrx_word' id='word_1_142' title='bbox 2081 2326 2132 2375; x_wconf 88' lang='lat' dir='ltr'><strong>id</strong></span> <span class='ocrx_word' id='word_1_143' title='bbox 2157 2334 2231 2376; x_wconf 85' lang='lat' dir='ltr'><strong>est</strong></span> <span class='ocrx_word' id='word_1_144' title='bbox 2253 2326 2322 2374; x_wconf 86' lang='lat' dir='ltr'><em>H</em></span> <span class='ocrx_word' id='word_1_145' title='bbox 2327 2338 2341 2373; x_wconf 73' lang='grc' dir='ltr'><strong>ε</strong></span> <span class='ocrx_word' id='word_1_146' title='bbox 2375 2332 2458 2375; x_wconf 82' lang='lat' dir='ltr'><strong>txt</strong></span> <span class='ocrx_word' id='word_1_147' title='bbox 2478 2341 2511 2374; x_wconf 84' lang='lat' dir='ltr'><strong>r</strong></span> <span class='ocrx_word' id='word_1_148' title='bbox 2740 2343 2772 2386; x_wconf 88' lang='lat'>4</span> 
     </span>
    </p>
   </div>
   <div class='ocr_carea' id='block_1_17' title="bbox 342 2402 1391 2550">
    <p class='ocr_par' dir='ltr' id='par_1_17' title="bbox 342 2402 1391 2550">
     <span class='ocr_line' id='line_1_23' title="bbox 342 2402 1391 2471; baseline 0.003 -19"><span class='ocrx_word' id='word_1_149' title='bbox 342 2412 609 2468; x_wconf 80' lang='lat' dir='ltr'><strong>prouectae</strong></span> <span class='ocrx_word' id='word_1_150' title='bbox 634 2402 747 2471; x_wconf 81' lang='lat' dir='ltr'><strong>(sor</strong></span> <span class='ocrx_word' id='word_1_151' title='bbox 765 2403 909 2470; x_wconf 83' lang='lat' dir='ltr'><strong>perf.)</strong></span> <span class='ocrx_word' id='word_1_152' title='bbox 932 2421 965 2455; x_wconf 84' lang='lat' dir='ltr'><em>r</em></span> <span class='ocrx_word' id='word_1_153' title='bbox 989 2403 999 2469; x_wconf 91' lang='grc' dir='ltr'>Ι</span> <span class='ocrx_word' id='word_1_154' title='bbox 1028 2405 1293 2455; x_wconf 85' lang='lat' dir='ltr'><strong>intendunt</strong></span> <span class='ocrx_word' id='word_1_155' title='bbox 1312 2406 1355 2455; x_wconf 90' lang='lat' dir='ltr'><em>C</em></span> <span class='ocrx_word' id='word_1_156' title='bbox 1367 2404 1391 2431; x_wconf 73' lang='grc'><strong><em>*</em></strong></span> 
     </span>
     <span class='ocr_line' id='line_1_24' title="bbox 344 2486 1305 2550; baseline 0.003 -15"><span class='ocrx_word' id='word_1_157' title='bbox 344 2486 397 2535; x_wconf 90' lang='lat' dir='ltr'><strong>d.</strong></span> <span class='ocrx_word' id='word_1_158' title='bbox 420 2502 499 2536; x_wconf 84' lang='lat' dir='ltr'><strong>om</strong></span> <span class='ocrx_word' id='word_1_159' title='bbox 521 2502 554 2536; x_wconf 83' lang='lat' dir='ltr'><strong>r</strong></span> <span class='ocrx_word' id='word_1_160' title='bbox 687 2500 747 2538; x_wconf 78' lang='grc' dir='ltr'><strong>ιο</strong></span> <span class='ocrx_word' id='word_1_161' title='bbox 778 2487 1084 2538; x_wconf 78' lang='lat' dir='ltr'><strong>adulestulas</strong></span> <span class='ocrx_word' id='word_1_162' title='bbox 1109 2488 1214 2550; x_wconf 82' lang='lat' dir='ltr'><strong>(sic)</strong></span> <span class='ocrx_word' id='word_1_163' title='bbox 1240 2486 1305 2538; x_wconf 84' lang='lat' dir='ltr'><em>H</em></span> 
     </span>
    </p>
   </div>
   <div class='ocr_carea' id='block_1_18' title="bbox 334 2637 1507 4496">
    <p class='ocr_par' dir='ltr' id='par_1_18' title="bbox 334 2637 1507 4496">
     <span class='ocr_line' id='line_1_25' title="bbox 344 2637 1505 2704; baseline -0.003 -14"><span class='ocrx_word' id='word_1_164' title='bbox 344 2639 591 2700; x_wconf 78' lang='lat' dir='ltr'><strong>however,</strong></span> <span class='ocrx_word' id='word_1_165' title='bbox 618 2637 813 2704; x_wconf 81' lang='lat' dir='ltr'><strong>against</strong></span> <span class='ocrx_word' id='word_1_166' title='bbox 838 2637 1007 2687; x_wconf 83' lang='lat' dir='ltr'><strong>whom</strong></span> <span class='ocrx_word' id='word_1_167' title='bbox 1042 2638 1127 2688; x_wconf 87' lang='lat' dir='ltr'><strong>the</strong></span> <span class='ocrx_word' id='word_1_168' title='bbox 1148 2638 1359 2688; x_wconf 86' lang='lat' dir='ltr'><strong>catenist</strong></span> <span class='ocrx_word' id='word_1_169' title='bbox 1392 2654 1505 2702; x_wconf 86' lang='lat' dir='ltr'><strong>sup-</strong></span> 
     </span>
     <span class='ocr_line' id='line_1_26' title="bbox 344 2719 1507 2787; baseline -0.003 -15"><span class='ocrx_word' id='word_1_170' title='bbox 344 2738 491 2787; x_wconf 81' lang='lat' dir='ltr'><strong>poses</strong></span> <span class='ocrx_word' id='word_1_171' title='bbox 515 2720 657 2771; x_wconf 89' lang='lat' dir='ltr'><strong>Th.&#39;s</strong></span> <span class='ocrx_word' id='word_1_172' title='bbox 686 2736 893 2770; x_wconf 87' lang='lat' dir='ltr'><strong>censure</strong></span> <span class='ocrx_word' id='word_1_173' title='bbox 928 2728 981 2769; x_wconf 92' lang='lat' dir='ltr'><strong>to</strong></span> <span class='ocrx_word' id='word_1_174' title='bbox 1016 2720 1080 2769; x_wconf 89' lang='lat' dir='ltr'><strong>be</strong></span> <span class='ocrx_word' id='word_1_175' title='bbox 1120 2719 1360 2779; x_wconf 87' lang='lat' dir='ltr'><strong>directed,</strong></span> <span class='ocrx_word' id='word_1_176' title='bbox 1390 2735 1507 2783; x_wconf 83' lang='lat' dir='ltr'><strong>may</strong></span> 
     </span>
     <span class='ocr_line' id='line_1_27' title="bbox 342 2800 1505 2865; baseline -0.002 -13"><span class='ocrx_word' id='word_1_177' title='bbox 342 2804 473 2856; x_wconf 86' lang='lat' dir='ltr'><strong>have</strong></span> <span class='ocrx_word' id='word_1_178' title='bbox 492 2803 733 2853; x_wconf 84' lang='lat' dir='ltr'><strong>intended</strong></span> <span class='ocrx_word' id='word_1_179' title='bbox 756 2802 877 2865; x_wconf 86' lang='lat' dir='ltr'><strong>only</strong></span> <span class='ocrx_word' id='word_1_180' title='bbox 899 2808 953 2852; x_wconf 90' lang='lat' dir='ltr'><strong>to</strong></span> <span class='ocrx_word' id='word_1_181' title='bbox 986 2801 1199 2864; x_wconf 78' lang='lat' dir='ltr'><strong>identify</strong></span> <span class='ocrx_word' id='word_1_182' title='bbox 1235 2800 1321 2850; x_wconf 90' lang='lat' dir='ltr'><strong>the</strong></span> <span class='ocrx_word' id='word_1_183' title='bbox 1356 2817 1505 2864; x_wconf 71' lang='grc' dir='ltr'>πρεσ-</span> 
     </span>
     <span class='ocr_line' id='line_1_28' title="bbox 341 2880 1504 2947; baseline -0.001 -15"><span class='ocrx_word' id='word_1_184' title='bbox 341 2885 531 2947; x_wconf 78' lang='grc' dir='ltr'>βύτιδες</span> <span class='ocrx_word' id='word_1_185' title='bbox 566 2882 625 2932; x_wconf 81' lang='lat' dir='ltr'><strong>of</strong></span> <span class='ocrx_word' id='word_1_186' title='bbox 653 2882 741 2932; x_wconf 89' lang='lat' dir='ltr'><strong>the</strong></span> <span class='ocrx_word' id='word_1_187' title='bbox 763 2890 868 2932; x_wconf 83' lang='lat' dir='ltr'><strong>text</strong></span> <span class='ocrx_word' id='word_1_188' title='bbox 902 2880 1026 2933; x_wconf 82' lang='lat' dir='ltr'><strong>with</strong></span> <span class='ocrx_word' id='word_1_189' title='bbox 1062 2882 1149 2930; x_wconf 86' lang='lat' dir='ltr'><strong>the</strong></span> <span class='ocrx_word' id='word_1_190' title='bbox 1174 2881 1504 2931; x_wconf 68' lang='lat' dir='ltr'><strong>deaconoeses</strong></span> 
     </span>
     <span class='ocr_line' id='line_1_29' title="bbox 342 2961 1498 3026; baseline -0.003 -10"><span class='ocrx_word' id='word_1_191' title='bbox 342 2983 399 3016; x_wconf 83' lang='lat' dir='ltr'><strong>or</strong></span> <span class='ocrx_word' id='word_1_192' title='bbox 438 2981 564 3015; x_wconf 85' lang='lat' dir='ltr'><strong>even</strong></span> <span class='ocrx_word' id='word_1_193' title='bbox 603 2965 691 3016; x_wconf 88' lang='lat' dir='ltr'><strong>the</strong></span> <span class='ocrx_word' id='word_1_194' title='bbox 728 2965 868 3014; x_wconf 86' lang='lat' dir='ltr'><strong>elder</strong></span> <span class='ocrx_word' id='word_1_195' title='bbox 900 2963 1133 3020; x_wconf 77' lang='lat' dir='ltr'><strong>widows3</strong></span> <span class='ocrx_word' id='word_1_196' title='bbox 1185 2961 1249 3011; x_wconf 84' lang='lat' dir='ltr'><strong>cf.</strong></span> <span class='ocrx_word' id='word_1_197' title='bbox 1302 2962 1498 3026; x_wconf 80' lang='lat' dir='ltr'><strong>Pelag.:</strong></span> 
     </span>
     <span class='ocr_line' id='line_1_30' title="bbox 344 3045 1501 3111; baseline 0.002 -17"><span class='ocrx_word' id='word_1_198' title='bbox 344 3051 377 3073; x_wconf 79' lang='lat'><strong>‘⁸</strong></span> <span class='ocrx_word' id='word_1_199' title='bbox 397 3062 527 3111; x_wconf 88' lang='lat' dir='ltr'><strong>quae</strong></span> <span class='ocrx_word' id='word_1_200' title='bbox 581 3045 647 3094; x_wconf 83' lang='lat' dir='ltr'><strong>ad</strong></span> <span class='ocrx_word' id='word_1_201' title='bbox 702 3045 915 3095; x_wconf 78' lang='lat' dir='ltr'><strong>aliarum</strong></span> <span class='ocrx_word' id='word_1_202' title='bbox 966 3045 1283 3110; x_wconf 85' lang='lat' dir='ltr'><strong>eligebantur</strong></span> <span class='ocrx_word' id='word_1_203' title='bbox 1336 3063 1501 3098; x_wconf 86' lang='lat' dir='ltr'><strong>exem-</strong></span> 
     </span>
     <span class='ocr_line' id='line_1_31' title="bbox 341 3125 1501 3194; baseline 0 -17"><span class='ocrx_word' id='word_1_204' title='bbox 341 3129 484 3194; x_wconf 86' lang='lat' dir='ltr'><strong>plum</strong></span> <span class='ocrx_word' id='word_1_205' title='bbox 500 3125 548 3186; x_wconf 87' lang='lat'><strong>;”</strong></span> <span class='ocrx_word' id='word_1_206' title='bbox 583 3128 735 3177; x_wconf 89' lang='lat' dir='ltr'><strong>Oec.:</strong></span> <span class='ocrx_word' id='word_1_207' title='bbox 759 3130 848 3177; x_wconf 81' lang='grc' dir='ltr'>τὰς</span> <span class='ocrx_word' id='word_1_208' title='bbox 871 3125 1113 3177; x_wconf 80' lang='grc' dir='ltr'>διακόνους</span> <span class='ocrx_word' id='word_1_209' title='bbox 1134 3130 1289 3188; x_wconf 89' lang='grc' dir='ltr'>λέγει.</span> <span class='ocrx_word' id='word_1_210' title='bbox 1354 3127 1501 3178; x_wconf 84' lang='lat' dir='ltr'><strong>Th.’s</strong></span> 
     </span>
     <span class='ocr_line' id='line_1_32' title="bbox 340 3208 1501 3274; baseline -0.002 -14"><span class='ocrx_word' id='word_1_211' title='bbox 340 3210 505 3260; x_wconf 83' lang='lat' dir='ltr'><strong>words</strong></span> <span class='ocrx_word' id='word_1_212' title='bbox 538 3223 606 3257; x_wconf 87' lang='lat' dir='ltr'><strong>on</strong></span> <span class='ocrx_word' id='word_1_213' title='bbox 638 3209 725 3258; x_wconf 89' lang='lat' dir='ltr'><strong>the</strong></span> <span class='ocrx_word' id='word_1_214' title='bbox 757 3209 903 3257; x_wconf 85' lang='lat' dir='ltr'><strong>other</strong></span> <span class='ocrx_word' id='word_1_215' title='bbox 932 3209 1071 3258; x_wconf 85' lang='lat' dir='ltr'><strong>hand</strong></span> <span class='ocrx_word' id='word_1_216' title='bbox 1097 3209 1350 3274; x_wconf 69' lang='lat' dir='ltr'><strong>exproesly</strong></span> <span class='ocrx_word' id='word_1_217' title='bbox 1374 3208 1501 3259; x_wconf 82' lang='lat' dir='ltr'><strong>refer</strong></span> 
     </span>
     <span class='ocr_line' id='line_1_33' title="bbox 342 3287 1499 3350; baseline -0.001 -12"><span class='ocrx_word' id='word_1_218' title='bbox 342 3298 395 3338; x_wconf 92' lang='lat' dir='ltr'><strong>to</strong></span> <span class='ocrx_word' id='word_1_219' title='bbox 418 3305 449 3338; x_wconf 89' lang='lat' dir='ltr'><strong>a</strong></span> <span class='ocrx_word' id='word_1_220' title='bbox 470 3289 649 3338; x_wconf 79' lang='lat' dir='ltr'><strong>female</strong></span> <span class='ocrx_word' id='word_1_221' title='bbox 670 3287 820 3336; x_wconf 88' lang='lat' dir='ltr'><strong>order</strong></span> <span class='ocrx_word' id='word_1_222' title='bbox 842 3287 1115 3350; x_wconf 76' lang='lat' dir='ltr'><strong>analogous</strong></span> <span class='ocrx_word' id='word_1_223' title='bbox 1151 3296 1203 3337; x_wconf 91' lang='lat' dir='ltr'><strong>to</strong></span> <span class='ocrx_word' id='word_1_224' title='bbox 1238 3289 1321 3338; x_wconf 87' lang='lat' dir='ltr'><strong>the</strong></span> <span class='ocrx_word' id='word_1_225' title='bbox 1353 3305 1499 3350; x_wconf 70' lang='grc' dir='ltr'>πρεσ-</span> 
     </span>
     <span class='ocr_line' id='line_1_34' title="bbox 342 3370 1501 3436; baseline 0 -16"><span class='ocrx_word' id='word_1_226' title='bbox 342 3370 553 3436; x_wconf 78' lang='grc' dir='ltr'>βύτεροι.</span> <span class='ocrx_word' id='word_1_227' title='bbox 626 3371 740 3422; x_wconf 86' lang='lat' dir='ltr'><strong>The</strong></span> <span class='ocrx_word' id='word_1_228' title='bbox 777 3372 915 3435; x_wconf 85' lang='lat' dir='ltr'><strong>early</strong></span> <span class='ocrx_word' id='word_1_229' title='bbox 950 3380 1109 3422; x_wconf 79' lang='lat' dir='ltr'><strong>traces</strong></span> <span class='ocrx_word' id='word_1_230' title='bbox 1136 3372 1197 3421; x_wconf 85' lang='lat' dir='ltr'><strong>of</strong></span> <span class='ocrx_word' id='word_1_231' title='bbox 1220 3372 1320 3421; x_wconf 83' lang='lat' dir='ltr'><strong>this</strong></span> <span class='ocrx_word' id='word_1_232' title='bbox 1354 3373 1501 3421; x_wconf 87' lang='lat' dir='ltr'><strong>order</strong></span> 
     </span>
     <span class='ocr_line' id='line_1_35' title="bbox 340 3451 1498 3518; baseline -0.004 -12"><span class='ocrx_word' id='word_1_233' title='bbox 340 3473 425 3506; x_wconf 83' lang='lat' dir='ltr'><strong>are</strong></span> <span class='ocrx_word' id='word_1_234' title='bbox 460 3456 555 3505; x_wconf 75' lang='lat' dir='ltr'><strong>few</strong></span> <span class='ocrx_word' id='word_1_235' title='bbox 592 3455 693 3504; x_wconf 83' lang='lat' dir='ltr'><strong>and</strong></span> <span class='ocrx_word' id='word_1_236' title='bbox 722 3453 1047 3518; x_wconf 78' lang='lat' dir='ltr'><strong>ambiguous;</strong></span> <span class='ocrx_word' id='word_1_237' title='bbox 1109 3470 1147 3503; x_wconf 87' lang='lat' dir='ltr'><strong>e.</strong></span> <span class='ocrx_word' id='word_1_238' title='bbox 1158 3470 1213 3516; x_wconf 87' lang='lat' dir='ltr'><strong>g.</strong></span> <span class='ocrx_word' id='word_1_239' title='bbox 1254 3451 1339 3502; x_wconf 89' lang='lat' dir='ltr'><strong>the</strong></span> <span class='ocrx_word' id='word_1_240' title='bbox 1382 3452 1498 3502; x_wconf 78' lang='lat' dir='ltr'><strong>mh</strong></span> 
     </span>
     <span class='ocr_line' id='line_1_36' title="bbox 342 3533 1500 3599; baseline -0.004 -9"><span class='ocrx_word' id='word_1_241' title='bbox 342 3539 629 3590; x_wconf 84' lang='lat' dir='ltr'><strong>Laodicean</strong></span> <span class='ocrx_word' id='word_1_242' title='bbox 670 3553 833 3587; x_wconf 77' lang='lat' dir='ltr'><strong>canon</strong></span> <span class='ocrx_word' id='word_1_243' title='bbox 875 3536 1008 3599; x_wconf 72' lang='grc' dir='ltr'>(περὶ</span> <span class='ocrx_word' id='word_1_244' title='bbox 1047 3537 1131 3584; x_wconf 82' lang='grc' dir='ltr'>τοῦ</span> <span class='ocrx_word' id='word_1_245' title='bbox 1167 3533 1237 3595; x_wconf 79' lang='grc' dir='ltr'><em>μή</em></span> <span class='ocrx_word' id='word_1_246' title='bbox 1278 3537 1375 3584; x_wconf 76' lang='grc' dir='ltr'>δεῖν</span> <span class='ocrx_word' id='word_1_247' title='bbox 1411 3537 1500 3585; x_wconf 82' lang='grc' dir='ltr'>τὰς</span> 
     </span>
     <span class='ocr_line' id='line_1_37' title="bbox 339 3616 1499 3684; baseline -0.003 -12"><span class='ocrx_word' id='word_1_248' title='bbox 339 3624 608 3684; x_wconf 70' lang='grc' dir='ltr'>λεγομένας</span> <span class='ocrx_word' id='word_1_249' title='bbox 636 3617 961 3683; x_wconf 73' lang='grc' dir='ltr'>πρεσβύτιδας</span> <span class='ocrx_word' id='word_1_250' title='bbox 992 3616 1101 3678; x_wconf 81' lang='grc' dir='ltr'>ἤτοι</span> <span class='ocrx_word' id='word_1_251' title='bbox 1131 3619 1499 3681; x_wconf 77' lang='grc' dir='ltr'>προκαθημένας</span> 
     </span>
     <span class='ocr_line' id='line_1_38' title="bbox 338 3699 1496 3762; baseline -0.003 -10"><span class='ocrx_word' id='word_1_252' title='bbox 338 3705 391 3752; x_wconf 80' lang='grc' dir='ltr'><strong>έν</strong></span> <span class='ocrx_word' id='word_1_253' title='bbox 429 3704 668 3762; x_wconf 69' lang='grc' dir='ltr'>ἐκκλησίᾳ</span> <span class='ocrx_word' id='word_1_254' title='bbox 705 3701 1168 3752; x_wconf 72' lang='grc' dir='ltr'>καθίστασθαι-οη</span> <span class='ocrx_word' id='word_1_255' title='bbox 1207 3699 1375 3748; x_wconf 84' lang='lat' dir='ltr'><strong>which</strong></span> <span class='ocrx_word' id='word_1_256' title='bbox 1412 3713 1496 3748; x_wconf 87' lang='lat' dir='ltr'><strong>see</strong></span> 
     </span>
     <span class='ocr_line' id='line_1_39' title="bbox 340 3780 1493 3842; baseline -0.004 -7"><span class='ocrx_word' id='word_1_257' title='bbox 340 3785 593 3842; x_wconf 84' lang='lat' dir='ltr'><strong>Neander,</strong></span> <span class='ocrx_word' id='word_1_258' title='bbox 630 3783 721 3832; x_wconf 84' lang='lat' dir='ltr'><strong>Ch.</strong></span> <span class='ocrx_word' id='word_1_259' title='bbox 749 3783 823 3831; x_wconf 83' lang='lat' dir='ltr'><strong>H.</strong></span> <span class='ocrx_word' id='word_1_260' title='bbox 858 3780 927 3832; x_wconf 89' lang='lat' dir='ltr'><strong>iii.</strong></span> <span class='ocrx_word' id='word_1_261' title='bbox 966 3797 1079 3839; x_wconf 69' lang='grc' dir='ltr'><strong>ου,</strong></span> <span class='ocrx_word' id='word_1_262' title='bbox 1103 3789 1258 3842; x_wconf 88' lang='lat' dir='ltr'><strong>note;</strong></span> <span class='ocrx_word' id='word_1_263' title='bbox 1295 3780 1493 3839; x_wconf 82' lang='lat' dir='ltr'><strong>Hefele,</strong></span> 
     </span>
     <span class='ocr_line' id='line_1_40' title="bbox 344 3862 1495 3927; baseline -0.005 -9"><span class='ocrx_word' id='word_1_264' title='bbox 344 3867 587 3925; x_wconf 82' lang='lat' dir='ltr'><strong>Councils,</strong></span> <span class='ocrx_word' id='word_1_265' title='bbox 626 3864 677 3913; x_wconf 89' lang='lat' dir='ltr'><strong>ii.</strong></span> <span class='ocrx_word' id='word_1_266' title='bbox 717 3877 810 3926; x_wconf 82' lang='lat'><strong>305</strong></span> <span class='ocrx_word' id='word_1_267' title='bbox 835 3863 950 3927; x_wconf 88' lang='lat' dir='ltr'><strong>sq.),</strong></span> <span class='ocrx_word' id='word_1_268' title='bbox 979 3862 1079 3911; x_wconf 85' lang='lat' dir='ltr'><strong>and</strong></span> <span class='ocrx_word' id='word_1_269' title='bbox 1115 3877 1147 3910; x_wconf 81' lang='lat' dir='ltr'><strong>a</strong></span> <span class='ocrx_word' id='word_1_270' title='bbox 1180 3862 1495 3912; x_wconf 84' lang='lat' dir='ltr'><strong>remarkable</strong></span> 
     </span>
     <span class='ocr_line' id='line_1_41' title="bbox 336 3943 1502 4008; baseline -0.003 -12"><span class='ocrx_word' id='word_1_271' title='bbox 336 3946 551 3997; x_wconf 83' lang='lat' dir='ltr'><strong>allusion</strong></span> <span class='ocrx_word' id='word_1_272' title='bbox 610 3945 663 3994; x_wconf 87' lang='lat' dir='ltr'><strong>in</strong></span> <span class='ocrx_word' id='word_1_273' title='bbox 716 3945 801 3993; x_wconf 86' lang='lat' dir='ltr'><strong>the</strong></span> <span class='ocrx_word' id='word_1_274' title='bbox 856 3943 1161 4008; x_wconf 79' lang='lat' dir='ltr'><strong>apocryphal</strong></span> <span class='ocrx_word' id='word_1_275' title='bbox 1217 3945 1338 3992; x_wconf 82' lang='lat' dir='ltr'><strong>Acts</strong></span> <span class='ocrx_word' id='word_1_276' title='bbox 1388 3945 1502 3993; x_wconf 82' lang='lat' dir='ltr'><strong>and</strong></span> 
     </span>
     <span class='ocr_line' id='line_1_42' title="bbox 336 4023 1492 4090; baseline -0.003 -12"><span class='ocrx_word' id='word_1_277' title='bbox 336 4028 653 4090; x_wconf 80' lang='lat' dir='ltr'><strong>Martyrdom</strong></span> <span class='ocrx_word' id='word_1_278' title='bbox 715 4025 781 4089; x_wconf 75' lang='lat' dir='ltr'><strong>qs</strong></span> <span class='ocrx_word' id='word_1_279' title='bbox 824 4025 1074 4074; x_wconf 58' lang='grc' dir='ltr'>Μαιῶται</span> <span class='ocrx_word' id='word_1_280' title='bbox 1128 4023 1323 4084; x_wconf 87' lang='lat' dir='ltr'><strong>(Tisch.</strong></span> <span class='ocrx_word' id='word_1_281' title='bbox 1378 4027 1426 4074; x_wconf 91' lang='grc' dir='ltr'><em>Α</em></span> <span class='ocrx_word' id='word_1_282' title='bbox 1432 4031 1492 4074; x_wconf 79' lang='lat' dir='ltr'><strong>ct.</strong></span> 
     </span>
     <span class='ocr_line' id='line_1_43' title="bbox 334 4107 1494 4176; baseline -0.004 -14"><span class='ocrx_word' id='word_1_283' title='bbox 334 4119 485 4176; x_wconf 79' lang='lat' dir='ltr'><em>apost.</em></span> <span class='ocrx_word' id='word_1_284' title='bbox 524 4118 686 4174; x_wconf 79' lang='lat' dir='ltr'><strong>apocr.</strong></span> <span class='ocrx_word' id='word_1_285' title='bbox 734 4125 785 4174; x_wconf 84' lang='lat' dir='ltr'><strong>p.</strong></span> <span class='ocrx_word' id='word_1_286' title='bbox 838 4113 960 4172; x_wconf 85' lang='lat'>187:</span> <span class='ocrx_word' id='word_1_287' title='bbox 1017 4107 1109 4167; x_wconf 81' lang='grc' dir='ltr'><strong>τὴν</strong></span> <span class='ocrx_word' id='word_1_288' title='bbox 1152 4109 1366 4170; x_wconf 80' lang='grc' dir='ltr'>γυναῖκα</span> <span class='ocrx_word' id='word_1_289' title='bbox 1408 4111 1494 4157; x_wconf 79' lang='grc' dir='ltr'>τοῦ</span> 
     </span>
     <span class='ocr_line' id='line_1_44' title="bbox 334 4185 1493 4254; baseline -0.003 -13"><span class='ocrx_word' id='word_1_290' title='bbox 334 4193 576 4254; x_wconf 81' lang='grc' dir='ltr'>βασιλέως</span> <span class='ocrx_word' id='word_1_291' title='bbox 617 4192 919 4249; x_wconf 78' lang='grc' dir='ltr'>κατέστησεν</span> <span class='ocrx_word' id='word_1_292' title='bbox 965 4207 1004 4236; x_wconf 79' lang='grc' dir='ltr'><strong>π·</strong></span> <span class='ocrx_word' id='word_1_293' title='bbox 1014 4185 1263 4252; x_wconf 79' lang='grc' dir='ltr'>ρεσβῦτι</span> <span class='ocrx_word' id='word_1_294' title='bbox 1278 4191 1361 4248; x_wconf 87' lang='grc' dir='ltr'><strong>δα,</strong></span> <span class='ocrx_word' id='word_1_295' title='bbox 1413 4191 1493 4238; x_wconf 77' lang='grc' dir='ltr'><strong>καὶ</strong></span> 
     </span>
     <span class='ocr_line' id='line_1_45' title="bbox 334 4265 1493 4332; baseline -0.003 -11"><span class='ocrx_word' id='word_1_296' title='bbox 334 4275 425 4332; x_wconf 82' lang='grc' dir='ltr'><strong>τὴν</strong></span> <span class='ocrx_word' id='word_1_297' title='bbox 465 4272 674 4332; x_wconf 77' lang='grc' dir='ltr'>γυναῖκα</span> <span class='ocrx_word' id='word_1_298' title='bbox 716 4265 801 4317; x_wconf 79' lang='grc' dir='ltr'>τοῦ</span> <span class='ocrx_word' id='word_1_299' title='bbox 848 4267 949 4316; x_wconf 69' lang='grc' dir='ltr'>υἱοῦ</span> <span class='ocrx_word' id='word_1_300' title='bbox 998 4270 1145 4316; x_wconf 70' lang='grc' dir='ltr'>αὐτοῦ</span> <span class='ocrx_word' id='word_1_301' title='bbox 1188 4269 1493 4328; x_wconf 79' lang='grc' dir='ltr'>κατέστησεν</span> 
     </span>
     <span class='ocr_line' id='line_1_46' title="bbox 336 4349 1493 4413; baseline -0.005 -10"><span class='ocrx_word' id='word_1_302' title='bbox 336 4353 719 4403; x_wconf 81' lang='grc' dir='ltr'>διακόνισσαν-</span> <span class='ocrx_word' id='word_1_303' title='bbox 732 4349 990 4413; x_wconf 79' lang='lat' dir='ltr'><strong>following</strong></span> <span class='ocrx_word' id='word_1_304' title='bbox 1036 4364 1105 4397; x_wconf 89' lang='lat' dir='ltr'><strong>on</strong></span> <span class='ocrx_word' id='word_1_305' title='bbox 1148 4364 1180 4397; x_wconf 79' lang='lat' dir='ltr'><strong>a</strong></span> <span class='ocrx_word' id='word_1_306' title='bbox 1224 4355 1493 4398; x_wconf 79' lang='lat' dir='ltr'><strong>statement</strong></span> 
     </span>
     <span class='ocr_line' id='line_1_47' title="bbox 335 4431 1490 4496; baseline -0.005 -10"><span class='ocrx_word' id='word_1_307' title='bbox 335 4437 441 4486; x_wconf 87' lang='lat' dir='ltr'><strong>that</strong></span> <span class='ocrx_word' id='word_1_308' title='bbox 466 4435 551 4484; x_wconf 86' lang='lat' dir='ltr'><strong>the</strong></span> <span class='ocrx_word' id='word_1_309' title='bbox 576 4433 699 4496; x_wconf 86' lang='lat' dir='ltr'><strong>king</strong></span> <span class='ocrx_word' id='word_1_310' title='bbox 724 4431 827 4482; x_wconf 76' lang='lat' dir='ltr'><strong>and</strong></span> <span class='ocrx_word' id='word_1_311' title='bbox 854 4431 931 4481; x_wconf 88' lang='lat' dir='ltr'><strong>his</strong></span> <span class='ocrx_word' id='word_1_312' title='bbox 962 4447 1053 4482; x_wconf 87' lang='lat' dir='ltr'><strong>son</strong></span> <span class='ocrx_word' id='word_1_313' title='bbox 1086 4446 1215 4481; x_wconf 79' lang='lat' dir='ltr'><strong>were</strong></span> <span class='ocrx_word' id='word_1_314' title='bbox 1248 4431 1490 4480; x_wconf 82' lang='lat' dir='ltr'><strong>ordained</strong></span> 
     </span>
    </p>
   </div>
   <div class='ocr_carea' id='block_1_19' title="bbox 1468 2407 2091 2555">
    <p class='ocr_par' dir='ltr' id='par_1_19' title="bbox 1468 2407 2091 2555">
     <span class='ocr_line' id='line_1_48' title="bbox 1590 2407 2091 2468; baseline 0.002 -12"><span class='ocrx_word' id='word_1_315' title='bbox 1590 2418 1619 2468; x_wconf 79' lang='lat'><strong>5</strong></span> <span class='ocrx_word' id='word_1_316' title='bbox 1655 2407 1896 2457; x_wconf 83' lang='lat' dir='ltr'><strong>ebrietate</strong></span> <span class='ocrx_word' id='word_1_317' title='bbox 1921 2409 1966 2457; x_wconf 90' lang='lat' dir='ltr'><em>C</em></span> <span class='ocrx_word' id='word_1_318' title='bbox 1976 2408 1999 2431; x_wconf 71' lang='lat'><strong>²·</strong></span> <span class='ocrx_word' id='word_1_319' title='bbox 2025 2408 2091 2457; x_wconf 86' lang='lat' dir='ltr'><em>H</em></span> 
     </span>
     <span class='ocr_line' id='line_1_49' title="bbox 1468 2488 2018 2555; baseline 0.009 -16"><span class='ocrx_word' id='word_1_320' title='bbox 1468 2504 1522 2539; x_wconf 89' lang='grc' dir='ltr'><strong>ιι</strong></span> <span class='ocrx_word' id='word_1_321' title='bbox 1561 2488 1846 2555; x_wconf 84' lang='lat' dir='ltr'><strong>benignitas</strong></span> <span class='ocrx_word' id='word_1_322' title='bbox 1873 2488 1952 2541; x_wconf 76' lang='lat' dir='ltr'><strong>C*</strong></span> <span class='ocrx_word' id='word_1_323' title='bbox 2005 2531 2018 2544; x_wconf 86' lang='lat'><em>.</em></span> 
     </span>
    </p>
   </div>
   <div class='ocr_carea' id='block_1_20' title="bbox 2144 2405 2772 2552">
    <p class='ocr_par' dir='ltr' id='par_1_20' title="bbox 2144 2405 2772 2552">
     <span class='ocr_line' id='line_1_50' title="bbox 2279 2405 2772 2475; baseline -0.002 -17"><span class='ocrx_word' id='word_1_324' title='bbox 2279 2422 2310 2475; x_wconf 88' lang='grc'><strong>9</strong></span> <span class='ocrx_word' id='word_1_325' title='bbox 2341 2414 2392 2457; x_wconf 83' lang='lat' dir='ltr'><strong>et</strong></span> <span class='ocrx_word' id='word_1_326' title='bbox 2413 2423 2514 2471; x_wconf 83' lang='lat' dir='ltr'><strong>qua</strong></span> <span class='ocrx_word' id='word_1_327' title='bbox 2535 2405 2600 2455; x_wconf 90' lang='lat' dir='ltr'><strong>de</strong></span> <span class='ocrx_word' id='word_1_328' title='bbox 2621 2421 2772 2457; x_wconf 80' lang='lat' dir='ltr'><strong>causa</strong></span> 
     </span>
     <span class='ocr_line' id='line_1_51' title="bbox 2144 2488 2761 2552; baseline 0.003 -12"><span class='ocrx_word' id='word_1_329' title='bbox 2144 2506 2204 2552; x_wconf 83' lang='lat'><strong>14</strong></span> <span class='ocrx_word' id='word_1_330' title='bbox 2235 2490 2293 2539; x_wconf 81' lang='grc' dir='ltr'><strong>τό</strong></span> <span class='ocrx_word' id='word_1_331' title='bbox 2315 2506 2372 2537; x_wconf 81' lang='grc' dir='ltr'><strong>τε</strong></span> <span class='ocrx_word' id='word_1_332' title='bbox 2392 2506 2482 2552; x_wconf 85' lang='grc' dir='ltr'>σχ.</span> <span class='ocrx_word' id='word_1_333' title='bbox 2506 2488 2621 2539; x_wconf 89' lang='lat' dir='ltr'><strong>cod.</strong></span> <span class='ocrx_word' id='word_1_334' title='bbox 2645 2490 2761 2542; x_wconf 86' lang='lat' dir='ltr'><strong>edd·</strong></span> 
     </span>
    </p>
   </div>
   <div class='ocr_carea' id='block_1_21' title="bbox 1588 2637 2764 4487">
    <p class='ocr_par' dir='ltr' id='par_1_21' title="bbox 1599 2637 2764 3108">
     <span class='ocr_line' id='line_1_52' title="bbox 1608 2637 2764 2704; baseline -0.002 -15"><span class='ocrx_word' id='word_1_335' title='bbox 1608 2639 1762 2704; x_wconf 88' lang='lat' dir='ltr'><strong>priest</strong></span> <span class='ocrx_word' id='word_1_336' title='bbox 1805 2639 1908 2688; x_wconf 81' lang='lat' dir='ltr'><strong>and</strong></span> <span class='ocrx_word' id='word_1_337' title='bbox 1939 2638 2132 2689; x_wconf 88' lang='lat' dir='ltr'><strong>deacon</strong></span> <span class='ocrx_word' id='word_1_338' title='bbox 2165 2637 2520 2703; x_wconf 80' lang='lat' dir='ltr'><strong>respectively;</strong></span> <span class='ocrx_word' id='word_1_339' title='bbox 2553 2638 2764 2688; x_wconf 83' lang='lat' dir='ltr'><strong>another</strong></span> 
     </span>
     <span class='ocr_line' id='line_1_53' title="bbox 1605 2720 2760 2785; baseline 0.002 -17"><span class='ocrx_word' id='word_1_340' title='bbox 1605 2721 1696 2770; x_wconf 89' lang='lat' dir='ltr'><strong>but</strong></span> <span class='ocrx_word' id='word_1_341' title='bbox 1730 2720 1934 2770; x_wconf 80' lang='lat' dir='ltr'><strong>inferior</strong></span> <span class='ocrx_word' id='word_1_342' title='bbox 1966 2721 2082 2770; x_wconf 88' lang='lat' dir='ltr'><strong>MS.</strong></span> <span class='ocrx_word' id='word_1_343' title='bbox 2109 2728 2390 2785; x_wconf 84' lang='lat' dir='ltr'><strong>represents</strong></span> <span class='ocrx_word' id='word_1_344' title='bbox 2413 2720 2538 2769; x_wconf 87' lang='lat' dir='ltr'><strong>both</strong></span> <span class='ocrx_word' id='word_1_345' title='bbox 2561 2735 2760 2770; x_wconf 83' lang='lat' dir='ltr'><strong>women</strong></span> 
     </span>
     <span class='ocr_line' id='line_1_54' title="bbox 1602 2799 2760 2863; baseline 0 -13"><span class='ocrx_word' id='word_1_346' title='bbox 1602 2817 1658 2850; x_wconf 82' lang='lat' dir='ltr'><strong>as</strong></span> <span class='ocrx_word' id='word_1_347' title='bbox 1681 2800 1922 2853; x_wconf 85' lang='lat' dir='ltr'><strong>ordained</strong></span> <span class='ocrx_word' id='word_1_348' title='bbox 1945 2799 2312 2860; x_wconf 78' lang='lat' dir='ltr'><strong>deacouesses).</strong></span> <span class='ocrx_word' id='word_1_349' title='bbox 2380 2799 2536 2850; x_wconf 88' lang='lat' dir='ltr'><strong>Thdt.</strong></span> <span class='ocrx_word' id='word_1_350' title='bbox 2563 2809 2760 2863; x_wconf 85' lang='lat' dir='ltr'><strong>repeats</strong></span> 
     </span>
     <span class='ocr_line' id='line_1_55' title="bbox 1602 2879 2756 2932; baseline -0.002 0"><span class='ocrx_word' id='word_1_351' title='bbox 1602 2880 1748 2932; x_wconf 82' lang='lat' dir='ltr'><strong>Th.’s</strong></span> <span class='ocrx_word' id='word_1_352' title='bbox 1779 2891 2036 2932; x_wconf 79' lang='lat' dir='ltr'><strong>comment</strong></span> <span class='ocrx_word' id='word_1_353' title='bbox 2069 2881 2124 2930; x_wconf 89' lang='lat' dir='ltr'><strong>in</strong></span> <span class='ocrx_word' id='word_1_354' title='bbox 2157 2896 2188 2931; x_wconf 83' lang='lat' dir='ltr'><strong>a</strong></span> <span class='ocrx_word' id='word_1_355' title='bbox 2220 2880 2320 2930; x_wconf 83' lang='lat' dir='ltr'><strong>less</strong></span> <span class='ocrx_word' id='word_1_356' title='bbox 2352 2881 2555 2930; x_wconf 87' lang='lat' dir='ltr'><strong>distinct</strong></span> <span class='ocrx_word' id='word_1_357' title='bbox 2594 2879 2756 2930; x_wconf 83' lang='lat' dir='ltr'><strong>form:</strong></span> 
     </span>
     <span class='ocr_line' id='line_1_56' title="bbox 1599 2960 2759 3027; baseline 0 -15"><span class='ocrx_word' id='word_1_358' title='bbox 1599 2966 1687 3014; x_wconf 80' lang='grc' dir='ltr'>τὰς</span> <span class='ocrx_word' id='word_1_359' title='bbox 1723 2965 2048 3027; x_wconf 77' lang='grc' dir='ltr'>γεγηρακυίας</span> <span class='ocrx_word' id='word_1_360' title='bbox 2090 2961 2236 3012; x_wconf 76' lang='grc' dir='ltr'>οὕτως</span> <span class='ocrx_word' id='word_1_361' title='bbox 2277 2960 2540 3022; x_wconf 78' lang='grc' dir='ltr'>ὠνόμασεν,</span> <span class='ocrx_word' id='word_1_362' title='bbox 2580 2964 2636 3010; x_wconf 86' lang='grc' dir='ltr'>ου’</span> <span class='ocrx_word' id='word_1_363' title='bbox 2669 2964 2759 3013; x_wconf 81' lang='grc' dir='ltr'>τὰς</span> 
     </span>
     <span class='ocr_line' id='line_1_57' title="bbox 1600 3045 2368 3108; baseline 0 -14"><span class='ocrx_word' id='word_1_364' title='bbox 1600 3047 1901 3108; x_wconf 70' lang='grc' dir='ltr'>λειτουργίας</span> <span class='ocrx_word' id='word_1_365' title='bbox 1933 3045 2062 3096; x_wconf 77' lang='grc' dir='ltr'>τινὸς</span> <span class='ocrx_word' id='word_1_366' title='bbox 2095 3045 2368 3106; x_wconf 78' lang='grc' dir='ltr'>ἠξιωμένας.</span> 
     </span>
    </p>

    <p class='ocr_par' dir='ltr' id='par_1_22' title="bbox 1592 3127 2754 3598">
     <span class='ocr_line' id='line_1_58' title="bbox 1667 3127 2754 3192; baseline -0.001 -14"><span class='ocrx_word' id='word_1_367' title='bbox 1667 3143 1711 3192; x_wconf 77' lang='grc'>3.</span> <span class='ocrx_word' id='word_1_368' title='bbox 1785 3129 1845 3178; x_wconf 79' lang='lat' dir='ltr'><strong>id</strong></span> <span class='ocrx_word' id='word_1_369' title='bbox 1875 3135 1959 3184; x_wconf 84' lang='lat' dir='ltr'><strong>est,</strong></span> <span class='ocrx_word' id='word_1_370' title='bbox 1999 3134 2062 3176; x_wconf 80' lang='lat' dir='ltr'><strong>ut</strong></span> <span class='ocrx_word' id='word_1_371' title='bbox 2092 3143 2210 3191; x_wconf 78' lang='lat' dir='ltr'><strong>erga</strong></span> <span class='ocrx_word' id='word_1_372' title='bbox 2247 3128 2594 3187; x_wconf 74' lang='lat' dir='ltr'><strong>reuerentiam,</strong></span> <span class='ocrx_word' id='word_1_373' title='bbox 2632 3127 2754 3190; x_wconf 65' lang='grc' dir='ltr'>δια]</span> 
     </span>
     <span class='ocr_line' id='line_1_59' title="bbox 1598 3205 2752 3273; baseline -0.002 -14"><span class='ocrx_word' id='word_1_374' title='bbox 1598 3209 1682 3260; x_wconf 83' lang='lat' dir='ltr'><strong>Cf.</strong></span> <span class='ocrx_word' id='word_1_375' title='bbox 1723 3210 1903 3259; x_wconf 84' lang='lat' dir='ltr'><strong>Thdt.:</strong></span> <span class='ocrx_word' id='word_1_376' title='bbox 1941 3211 2205 3273; x_wconf 71' lang='grc' dir='ltr'>ἱεροπρεπῆ</span> <span class='ocrx_word' id='word_1_377' title='bbox 2240 3210 2294 3256; x_wconf 80' lang='grc' dir='ltr'><strong>δὲ</strong></span> <span class='ocrx_word' id='word_1_378' title='bbox 2331 3207 2420 3267; x_wconf 81' lang='grc' dir='ltr'>τῆς</span> <span class='ocrx_word' id='word_1_379' title='bbox 2460 3205 2752 3268; x_wconf 76' lang='grc' dir='ltr'>σεμνότητος</span> 
     </span>
     <span class='ocr_line' id='line_1_60' title="bbox 1597 3289 2750 3354; baseline -0.002 -14"><span class='ocrx_word' id='word_1_380' title='bbox 1597 3293 1857 3350; x_wconf 65' lang='grc' dir='ltr'>εὐκοσμίαν</span> <span class='ocrx_word' id='word_1_381' title='bbox 1897 3293 2147 3340; x_wconf 75' lang='grc' dir='ltr'>ἐκάλεσεν.</span> <span class='ocrx_word' id='word_1_382' title='bbox 2213 3291 2447 3354; x_wconf 86' lang='lat' dir='ltr'><strong>Jerome:</strong></span> <span class='ocrx_word' id='word_1_383' title='bbox 2501 3292 2606 3340; x_wconf 84' lang='lat' dir='ltr'><strong>“ut</strong></span> <span class='ocrx_word' id='word_1_384' title='bbox 2641 3289 2750 3354; x_wconf 82' lang='lat' dir='ltr'><strong>ipse</strong></span> 
     </span>
     <span class='ocr_line' id='line_1_61' title="bbox 1594 3371 2742 3436; baseline -0.002 -14"><span class='ocrx_word' id='word_1_385' title='bbox 1594 3387 1796 3436; x_wconf 88' lang='lat' dir='ltr'><strong>quoque</strong></span> <span class='ocrx_word' id='word_1_386' title='bbox 1817 3387 1987 3421; x_wconf 77' lang='lat' dir='ltr'><strong>earum</strong></span> <span class='ocrx_word' id='word_1_387' title='bbox 2019 3371 2239 3420; x_wconf 83' lang='lat' dir='ltr'><strong>incessus</strong></span> <span class='ocrx_word' id='word_1_388' title='bbox 2271 3379 2322 3420; x_wconf 90' lang='lat' dir='ltr'><strong>et</strong></span> <span class='ocrx_word' id='word_1_389' title='bbox 2355 3377 2534 3426; x_wconf 85' lang='lat' dir='ltr'><strong>motus,</strong></span> <span class='ocrx_word' id='word_1_390' title='bbox 2560 3371 2742 3430; x_wconf 49' lang='lat' dir='ltr'><strong>uultus</strong></span> 
     </span>
     <span class='ocr_line' id='line_1_62' title="bbox 1592 3449 2746 3515; baseline -0.001 -14"><span class='ocrx_word' id='word_1_391' title='bbox 1592 3468 1773 3512; x_wconf 88' lang='lat' dir='ltr'><strong>sermo,</strong></span> <span class='ocrx_word' id='word_1_392' title='bbox 1815 3451 2085 3510; x_wconf 78' lang='lat' dir='ltr'><strong>silentium,</strong></span> <span class='ocrx_word' id='word_1_393' title='bbox 2114 3451 2368 3515; x_wconf 79' lang='lat' dir='ltr'><strong>quandam</strong></span> <span class='ocrx_word' id='word_1_394' title='bbox 2391 3449 2584 3502; x_wconf 80' lang='lat' dir='ltr'><strong>decoris</strong></span> <span class='ocrx_word' id='word_1_395' title='bbox 2617 3450 2746 3500; x_wconf 74' lang='lat' dir='ltr'><strong>sacri</strong></span> 
     </span>
     <span class='ocr_line' id='line_1_63' title="bbox 1594 3530 2249 3598; baseline -0.002 -15"><span class='ocrx_word' id='word_1_396' title='bbox 1594 3533 1874 3598; x_wconf 74' lang='lat' dir='ltr'><strong>praeferant</strong></span> <span class='ocrx_word' id='word_1_397' title='bbox 1896 3531 2208 3598; x_wconf 85' lang='lat' dir='ltr'><strong>dignitatem.</strong></span> <span class='ocrx_word' id='word_1_398' title='bbox 2219 3530 2249 3556; x_wconf 86' lang='lat'><strong>’&#39;</strong></span> 
     </span>
    </p>

    <p class='ocr_par' dir='ltr' id='par_1_23' title="bbox 1590 3614 2496 3826">
     <span class='ocr_line' id='line_1_64' title="bbox 1661 3614 2214 3676; baseline 0 -14"><span class='ocrx_word' id='word_1_399' title='bbox 1661 3626 1707 3676; x_wconf 89' lang='lat'><strong>7.</strong></span> <span class='ocrx_word' id='word_1_400' title='bbox 1807 3614 1934 3663; x_wconf 79' lang='lat' dir='ltr'><strong>bona</strong></span> <span class='ocrx_word' id='word_1_401' title='bbox 1983 3614 2214 3676; x_wconf 76' lang='lat' dir='ltr'><strong>docentes]</strong></span> 
     </span>
     <span class='ocr_line' id='line_1_65' title="bbox 1596 3695 2496 3759; baseline -0.002 -13"><span class='ocrx_word' id='word_1_402' title='bbox 1596 3695 1747 3746; x_wconf 82' lang='lat' dir='ltr'><strong>Latin</strong></span> <span class='ocrx_word' id='word_1_403' title='bbox 1787 3695 2012 3744; x_wconf 83' lang='lat' dir='ltr'><strong>versions</strong></span> <span class='ocrx_word' id='word_1_404' title='bbox 2057 3695 2156 3744; x_wconf 82' lang='lat' dir='ltr'><strong>less</strong></span> <span class='ocrx_word' id='word_1_405' title='bbox 2199 3695 2496 3759; x_wconf 75' lang='lat' dir='ltr'><strong>accurately,</strong></span> 
     </span>
     <span class='ocr_line' id='line_1_66' title="bbox 1590 3773 1879 3826; baseline -0.01 0"><span class='ocrx_word' id='word_1_406' title='bbox 1590 3773 1879 3826; x_wconf 60' lang='lat' dir='ltr'><strong>docentesss&#39;</strong></span> 
     </span>
    </p>

    <p class='ocr_par' dir='ltr' id='par_1_24' title="bbox 1588 3853 2739 4325">
     <span class='ocr_line' id='line_1_67' title="bbox 1657 3853 2738 3921; baseline -0.002 -16"><span class='ocrx_word' id='word_1_407' title='bbox 1657 3859 1706 3905; x_wconf 88' lang='lat'><strong>8.</strong></span> <span class='ocrx_word' id='word_1_408' title='bbox 1770 3856 1920 3905; x_wconf 79' lang='lat' dir='ltr'><strong>sedet</strong></span> <span class='ocrx_word' id='word_1_409' title='bbox 1936 3853 2116 3915; x_wconf 84' lang='lat' dir='ltr'><strong>docere]</strong></span> <span class='ocrx_word' id='word_1_410' title='bbox 2182 3853 2262 3905; x_wconf 87' lang='lat' dir='ltr'><strong>Cf.</strong></span> <span class='ocrx_word' id='word_1_411' title='bbox 2311 3865 2370 3903; x_wconf 81' lang='lat'><strong>11.</strong></span> <span class='ocrx_word' id='word_1_412' title='bbox 2413 3869 2500 3918; x_wconf 85' lang='lat' dir='ltr'><strong>pp.</strong></span> <span class='ocrx_word' id='word_1_413' title='bbox 2535 3869 2618 3921; x_wconf 83' lang='lat'><strong>93,</strong></span> <span class='ocrx_word' id='word_1_414' title='bbox 2653 3870 2738 3920; x_wconf 74' lang='lat'><strong>94.</strong></span> 
     </span>
     <span class='ocr_line' id='line_1_68' title="bbox 1592 3937 2739 4002; baseline -0.002 -14"><span class='ocrx_word' id='word_1_415' title='bbox 1592 3939 1798 4002; x_wconf 84' lang='lat' dir='ltr'><strong>Pelag.:</strong></span> <span class='ocrx_word' id='word_1_416' title='bbox 1855 3937 2083 3986; x_wconf 88' lang='lat' dir='ltr'><strong>“docere</strong></span> <span class='ocrx_word' id='word_1_417' title='bbox 2127 3937 2226 3986; x_wconf 86' lang='lat' dir='ltr'><strong>illis</strong></span> <span class='ocrx_word' id='word_1_418' title='bbox 2265 3937 2506 4001; x_wconf 83' lang='lat' dir='ltr'><strong>permisit,</strong></span> <span class='ocrx_word' id='word_1_419' title='bbox 2548 3937 2637 3988; x_wconf 86' lang='lat' dir='ltr'><strong>sed</strong></span> <span class='ocrx_word' id='word_1_420' title='bbox 2671 3937 2739 3986; x_wconf 84' lang='lat' dir='ltr'><strong>fe-</strong></span> 
     </span>
     <span class='ocr_line' id='line_1_69' title="bbox 1590 4016 2739 4081; baseline 0 -15"><span class='ocrx_word' id='word_1_421' title='bbox 1590 4019 1782 4078; x_wconf 58' lang='lat' dir='ltr'><strong>mina-⁶23</strong></span> <span class='ocrx_word' id='word_1_422' title='bbox 1819 4024 1872 4066; x_wconf 90' lang='lat' dir='ltr'><strong>et</strong></span> <span class='ocrx_word' id='word_1_423' title='bbox 1899 4017 1996 4066; x_wconf 85' lang='lat' dir='ltr'><strong>hoc</strong></span> <span class='ocrx_word' id='word_1_424' title='bbox 2036 4031 2138 4068; x_wconf 87' lang='lat' dir='ltr'><strong>non</strong></span> <span class='ocrx_word' id='word_1_425' title='bbox 2169 4016 2221 4066; x_wconf 87' lang='lat' dir='ltr'><strong>in</strong></span> <span class='ocrx_word' id='word_1_426' title='bbox 2257 4017 2484 4075; x_wconf 80' lang='lat' dir='ltr'><strong>ecclesia,</strong></span> <span class='ocrx_word' id='word_1_427' title='bbox 2519 4017 2607 4066; x_wconf 82' lang='lat' dir='ltr'><strong>sed</strong></span> <span class='ocrx_word' id='word_1_428' title='bbox 2639 4017 2739 4081; x_wconf 85' lang='lat' dir='ltr'><strong>pri-</strong></span> 
     </span>
     <span class='ocr_line' id='line_1_70' title="bbox 1590 4095 2738 4163; baseline -0.004 -13"><span class='ocrx_word' id='word_1_429' title='bbox 1590 4097 1799 4150; x_wconf 82' lang='lat' dir='ltr'><strong>uatim.”</strong></span> <span class='ocrx_word' id='word_1_430' title='bbox 1864 4099 2088 4163; x_wconf 85' lang='lat' dir='ltr'><strong>Thpht.=</strong></span> <span class='ocrx_word' id='word_1_431' title='bbox 2141 4095 2526 4160; x_wconf 73' lang='grc' dir='ltr'>έπαῦθα...περὶ</span> <span class='ocrx_word' id='word_1_432' title='bbox 2559 4095 2649 4158; x_wconf 75' lang='grc' dir='ltr'>τῆς</span> <span class='ocrx_word' id='word_1_433' title='bbox 2686 4101 2738 4148; x_wconf 81' lang='grc' dir='ltr'><strong>ἐν</strong></span> 
     </span>
     <span class='ocr_line' id='line_1_71' title="bbox 1588 4179 2738 4241; baseline 0.001 -12"><span class='ocrx_word' id='word_1_434' title='bbox 1588 4183 1705 4240; x_wconf 72' lang='grc' dir='ltr'>οἴκῳ</span> <span class='ocrx_word' id='word_1_435' title='bbox 1746 4180 2008 4240; x_wconf 80' lang='grc' dir='ltr'>γενομένης</span> <span class='ocrx_word' id='word_1_436' title='bbox 2049 4179 2383 4240; x_wconf 70' lang='grc' dir='ltr'>[διδασκαλίας</span> <span class='ocrx_word' id='word_1_437' title='bbox 2421 4179 2613 4241; x_wconf 42' lang='grc' dir='ltr'>φησίνῶ</span> <span class='ocrx_word' id='word_1_438' title='bbox 2659 4181 2738 4233; x_wconf 75' lang='grc' dir='ltr'><strong>καὶ</strong></span> 
     </span>
     <span class='ocr_line' id='line_1_72' title="bbox 1588 4265 2100 4325; baseline 0.002 -12"><span class='ocrx_word' id='word_1_439' title='bbox 1588 4266 1688 4325; x_wconf 71' lang='grc' dir='ltr'><strong>ἰδίᾳ</strong></span> <span class='ocrx_word' id='word_1_440' title='bbox 1713 4265 1828 4325; x_wconf 76' lang='grc' dir='ltr'>πρὸς</span> <span class='ocrx_word' id='word_1_441' title='bbox 1855 4265 2100 4323; x_wconf 78' lang='grc' dir='ltr'>γυναῖκας.</span> 
     </span>
    </p>

    <p class='ocr_par' dir='ltr' id='par_1_25' title="bbox 1588 4341 2736 4487">
     <span class='ocr_line' id='line_1_73' title="bbox 1659 4341 2736 4407; baseline -0.001 -13"><span class='ocrx_word' id='word_1_442' title='bbox 1659 4358 1732 4395; x_wconf 87' lang='grc' dir='ltr'><strong>ιο.</strong></span> <span class='ocrx_word' id='word_1_443' title='bbox 1803 4341 2376 4407; x_wconf 73' lang='lat' dir='ltr'><strong>utpudicas...regentes]</strong></span> <span class='ocrx_word' id='word_1_444' title='bbox 2447 4341 2561 4391; x_wconf 90' lang='lat' dir='ltr'><strong>The</strong></span> <span class='ocrx_word' id='word_1_445' title='bbox 2587 4343 2736 4394; x_wconf 85' lang='lat' dir='ltr'><strong>Latin</strong></span> 
     </span>
     <span class='ocr_line' id='line_1_74' title="bbox 1588 4421 2734 4487; baseline -0.005 -11"><span class='ocrx_word' id='word_1_446' title='bbox 1588 4425 1808 4476; x_wconf 82' lang='lat' dir='ltr'><strong>versions</strong></span> <span class='ocrx_word' id='word_1_447' title='bbox 1824 4423 1966 4474; x_wconf 82' lang='lat' dir='ltr'><strong>differ</strong></span> <span class='ocrx_word' id='word_1_448' title='bbox 1983 4424 2164 4487; x_wconf 84' lang='lat' dir='ltr'><strong>widely</strong></span> <span class='ocrx_word' id='word_1_449' title='bbox 2178 4423 2306 4474; x_wconf 81' lang='lat' dir='ltr'><strong>from</strong></span> <span class='ocrx_word' id='word_1_450' title='bbox 2325 4421 2424 4472; x_wconf 85' lang='lat' dir='ltr'><strong>this</strong></span> <span class='ocrx_word' id='word_1_451' title='bbox 2445 4422 2734 4486; x_wconf 84' lang='lat' dir='ltr'><strong>rendering;</strong></span> 
     </span>
    </p>
   </div>
   <div class='ocr_carea' id='block_1_22' title="bbox 2281 3611 2746 3746">
    <p class='ocr_par' dir='ltr' id='par_1_26' title="bbox 2281 3611 2746 3746">
     <span class='ocr_line' id='line_1_75' title="bbox 2281 3611 2739 3666; baseline 0.009 -4"><span class='ocrx_word' id='word_1_452' title='bbox 2281 3611 2739 3666; x_wconf 66' lang='grc' dir='ltr'>καλοδιδασκάλους.</span> 
     </span>
     <span class='ocr_line' id='line_1_76' title="bbox 2563 3695 2746 3746; baseline 0.005 -1"><span class='ocrx_word' id='word_1_453' title='bbox 2563 3696 2598 3721; x_wconf 87' lang='grc'><strong>“</strong></span> <span class='ocrx_word' id='word_1_454' title='bbox 2615 3695 2746 3746; x_wconf 84' lang='lat' dir='ltr'><strong>bene</strong></span> 
     </span>
    </p>
   </div>
  </div>
 </body>
</html>
