3250 5025
532 355 659 420 320

1497 353 1884 406 APPENDIX
1929 355 1994 408 A.

640 545 714 586 ex
740 524 833 585 his
863 523 1039 586 infert
1066 525 1233 602 quod
1262 545 1511 588 necesse
1537 539 1630 587 est
1653 537 1714 587 et
1742 528 1860 588 hoc
1886 527 2054 604 quod
2081 527 2143 587 in
2172 525 2398 588 ultimis
2425 539 2518 589 est
2543 539 2686 590 ante
2715 527 2954 591 saecula

520 643 667 698 esse,
716 635 775 684 et
816 635 1057 684 accusat
1098 643 1203 686 eos
1244 626 1347 702 qui
1396 645 1520 687 non
1571 625 1776 686 omnia
1822 625 2089 688 similiter
2129 647 2270 687 cum
2319 626 2680 690 obuersione
2723 627 2950 704 dicunt,

518 725 690 803 quasi
730 724 795 786 hi
836 727 939 803 qui
980 744 1169 786 unum
1210 745 1341 787 esse
1386 725 1599 786 Filium
1645 728 2010 788 confitentur
2049 728 2468 789 necessitatem
2507 730 2772 790 habeant
2813 749 2950 788 cum

519 823 875 885 obuersione
905 823 1109 885 omnia
1142 824 1356 886 dicere.
1446 837 1505 885 et
1546 823 1681 902 quis
1723 843 1848 884 non
1891 824 2192 886 beatificet
2234 837 2496 886 uestram
2535 825 2952 888 dementiam?

457 941 489 1001 5
520 921 653 1000 quis
700 932 903 983 autem
952 942 1076 982 non
1124 933 1296 1000 optet
1344 923 1491 982 tales
1541 921 1861 999 impetrare
1911 923 2208 996 doctores,
2255 933 2488 983 tantam
2531 923 2950 988 confusionem

516 1020 732 1082 rationi
780 1019 1021 1099 pietatis
1068 1021 1515 1082 introducentes
1563 1031 1632 1080 ut
1681 1020 1952 1081 dicerent
2003 1022 2119 1081 hoc
2163 1022 2330 1098 quod
2380 1033 2521 1083 ante
2571 1024 2815 1082 saecula
2858 1034 2950 1083 est

516 1118 739 1178 factum
769 1137 899 1178 esse
927 1117 990 1176 in
1019 1116 1258 1192 ultimis,
1297 1129 1353 1178 et
1382 1118 1499 1178 hoc
1528 1118 1856 1178 alienarent
1886 1137 1996 1178 sua
2031 1129 2242 1178 natura
2269 1129 2330 1178 et
2357 1119 2437 1179 ad
2466 1118 2730 1180 deterius
2757 1118 2948 1179 dedu-

515 1227 735 1288 cerent,
767 1214 987 1276 deinde
1014 1216 1397 1275 obuerterent
1425 1215 1591 1292 quod
1618 1226 1680 1276 et
1709 1216 1826 1275 hoc
1855 1217 2022 1292 quod
2052 1228 2142 1276 est
2169 1215 2232 1275 in
2274 1215 2498 1276 ultimis
2531 1227 2672 1277 ante
2711 1218 2950 1277 saecula

517 1322 643 1387 est3
684 1331 823 1373 cum
852 1323 1153 1390 oporteret
1178 1314 1329 1374 forte
1369 1313 1566 1374 dicere
1604 1313 1747 1390 quia
1784 1315 1952 1391 quod
1988 1325 2130 1374 ante
2169 1317 2407 1374 saecula
2445 1325 2569 1375 erat
2608 1313 2950 1393 adsumpsit

420 1428 491 1466 10
516 1411 679 1468 hunc
706 1409 807 1486 qui
834 1407 897 1470 in
925 1407 1149 1470 ultimis
1178 1421 1303 1470 erat
1331 1410 1667 1470 secundum
1697 1411 1858 1471 beati
1891 1413 2143 1471 Paulum
2169 1410 2454 1472 uocem‘.

599 1521 805 1584 οὐκοῦν
836 1526 957 1587 τοῖς
989 1521 1280 1601 ὖμετέροις
1307 1521 1570 1598 ἑπόμενοι
1599 1522 1684 1584 νό-

516 1645 647 1696 μοις
684 1620 777 1678 καὶ
810 1617 918 1696 τήν
946 1618 1059 1678 timi
1096 1622 1199 1696 τῆς
1230 1622 1341 1696 σῆς
1380 1618 1686 1702 ἀγχινοίας

516 1717 997 1795 νομοθετουμένην
1018 1714 1427 1796 σῖντιστροφήν,
1450 1721 1685 1796 μᾶλλον

516 1813 577 1875 δὲ
614 1813 1041 1893 καταστροφήν,
1083 1815 1393 1894 δεξάμενοι,
1432 1818 1574 1894 φέρε
1612 1814 1704 1894 δῆ

418 1929 486 1989 15
516 1910 704 1972 πάντα
737 1915 816 1977 εἰς
849 1912 1025 1973 atim-dv
1061 1913 1411 1995 συγχέωμεν,
1458 1913 1550 1973 καὶ
1580 1939 1682 1991 μη-

518 2008 681 2087 δεμία
708 2010 917 2071 λοιπόν
944 2011 1090 2070 ἔστω
1115 2009 1411 2090 διάκρισις,
1438 2009 1519 2089 μή
1551 2011 1683 2073 θεοῦ

512 2110 759 2186 μορφῆς,
788 2107 870 2186 μή
905 2107 1113 2168 δούλου
1136 2111 1385 2187 μορφῆς·
1424 2107 1507 2186 μή
1545 2110 1682 2167 ναοῦ

516 2205 856 2280 ληφθέντος,
883 2202 964 2282 μή
1002 2206 1104 2264 τοῦ
1136 2206 1485 2267 ἐνοικοῦντος
1512 2207 1573 2263 ἔν
1604 2205 1682 2282 τῷ

515 2305 646 2381 ναῷ·
685 2300 765 2379 μή
808 2305 908 2363 τοῦ
949 2303 1234 2375 λυθέντος,
1276 2301 1357 2379 μή
1396 2304 1499 2362 τοῦ
1542 2303 1680 2384 ἐγεί-

410 2426 485 2466 20
510 2422 735 2481 ραντος·
774 2401 857 2478 μή
897 2404 999 2463 τοῦ
1038 2402 1435 2465 τελειωθέντος
1475 2403 1537 2460 έν
1574 2398 1681 2458 πά·

514 2501 695 2574 θεσιν,
732 2499 814 2578 μή
846 2502 949 2562 τοῦ
983 2499 1415 2564 τελειώσαντος·
1455 2498 1536 2577 μή
1578 2502 1680 2561 τοῦ

509 2598 1009 2675 μνημονεοθέντος,
1068 2596 1151 2675 μή
1212 2600 1316 2657 τοῦ
1370 2621 1679 2672 μνημονευ-

510 2696 741 2759 σάντος·
801 2695 882 2773 μή
931 2699 1031 2755 τοῦ
1081 2695 1544 2771 ε’πισκεφθέντος,
1593 2692 1678 2774 μὴ

508 2796 612 2853 τοῦ
640 2795 1115 2871 ἐπισκεψαμένου·
1152 2790 1234 2871 μή
1262 2794 1363 2853 τοῦ
1386 2791 1589 2872 βραχύ
1619 2819 1678 2853 τι

406 2919 435 2957 2
448 2916 479 2976 5
509 2890 644 2970 παρ’
685 2890 969 2974 ἀγγέλους
1006 2890 1425 2969 ἠλαττωμένον,
1458 2890 1541 2969 μή
1575 2899 1676 2952 τοῦ

511 2988 956 3053 ἐλαττώσαντος·
996 2987 1075 3066 μή
1105 2992 1205 3049 τοῦ
1240 2988 1376 3069 δόξῃ
1411 2989 1505 3048 καὶ
1538 2993 1678 3069 τιμῇ

510 3088 991 3167 ἐστεφανωμένου,
1019 3086 1101 3166 μή
1136 3090 1238 3149 τοῦ
1272 3084 1677 3166 στεφανώσαν-

509 3207 627 3251 τος·
663 3185 746 3264 μή
774 3189 875 3247 τοῦ
904 3184 1291 3248 καταστάντος
1318 3186 1411 3245 ἐπὶ
1436 3182 1509 3243 τὰ
1540 3184 1676 3265 ἔργα

509 3286 621 3345 τῶν
644 3285 869 3364 χειρῶν,
900 3281 1029 3366 [μὴ]
1055 3286 1158 3343 τοῦ
1187 3280 1676 3359 καταστήσαντος·

403 3402 481 3459 30
508 3379 590 3459 μὴ
633 3386 735 3442 τοΰ
780 3380 1067 3457 λαβόντος
1104 3378 1249 3441 adrat
1292 3383 1353 3441 ἐν
1392 3378 1671 3462 ὕποταγῇ,

507 3478 591 3557 μή
618 3481 719 3539 τοῦ
746 3477 1029 3543 δώσοντος
1056 3476 1162 3555 τὴν
1187 3475 1493 3560 ὕποταγήν.

1865 1537 2089 1586 uestras
2118 1525 2294 1603 igitur
2320 1528 2482 1603 leges
2517 1537 2858 1604 sequenteS,
2887 1538 2949 1590 et

1781 1642 1818 1682 a
1855 1634 1959 1684 tua
1985 1621 2280 1700 sapientia
2314 1623 2696 1684 constitutam
2733 1625 2946 1687 obuer-

1782 1719 2032 1794 sionem,
2057 1720 2242 1782 immo
2265 1721 2454 1798 magis
2475 1721 2947 1798 submersionem,

1781 1836 1892 1894 age
1931 1817 2139 1878 omnia
2178 1815 2355 1877 simul
2396 1819 2854 1892 confundamus,
2888 1831 2948 1880 et

1781 1917 1946 1976 nulla
2000 1915 2119 1976 iam
2177 1915 2254 1976 sit
2315 1915 2594 1977 discretio
2657 1936 2772 1977 nec
2825 1916 2945 1978 Dei

1781 2015 2006 2075 formae
2035 2035 2148 2075 nec
2177 2013 2334 2074 serui
2369 2015 2613 2088 formae,
2645 2033 2760 2074 nec
2794 2025 2944 2075 tem-

1780 2110 1864 2188 pli
1903 2109 2124 2187 sumpti
2160 2130 2274 2171 nec
2313 2110 2438 2172 eius
2476 2109 2580 2187 qui
2617 2109 2678 2170 in
2716 2113 2944 2190 templo

1779 2205 2090 2280 habitauit,
2129 2226 2243 2267 nec
2279 2206 2408 2267 eius
2445 2206 2548 2284 qui
2583 2209 2812 2268 solutus
2854 2220 2944 2269 est

1780 2324 1895 2366 nec
1942 2304 2070 2366 eius
2119 2305 2224 2382 qui
2273 2305 2599 2378 suscitauit,
2649 2325 2767 2366 nec
2814 2307 2941 2367 eius

1779 2402 1884 2481 qui
1948 2405 2243 2481 perfectus
2298 2414 2390 2464 est
2443 2401 2506 2462 in
2560 2403 2942 2481 passionibus

1779 2520 1894 2561 nec
1921 2501 2047 2562 eius
2085 2500 2188 2579 qui
2226 2501 2490 2580 perfecit,
2521 2522 2636 2563 nec
2673 2501 2802 2563 eius
2837 2502 2942 2579 qui

1778 2598 2129 2660 memoriam
2184 2598 2428 2659 meritus
2484 2610 2576 2659 est
2631 2618 2747 2659 nec
2812 2600 2940 2661 eius

1777 2697 1881 2774 qui
1907 2717 2136 2758 memor
2171 2698 2361 2758 factus
2399 2709 2506 2772 est,
2535 2716 2649 2758 nec
2680 2697 2809 2759 eius
2837 2700 2940 2777 qui

1775 2793 2047 2855 uisitatus
2083 2806 2174 2855 est
2209 2813 2323 2854 nec
2358 2794 2484 2855 eius
2519 2794 2623 2872 qui
2656 2792 2937 2867 uisitauit,

1775 2911 1890 2953 nec
1917 2891 2044 2951 eius
2073 2892 2177 2969 qui
2211 2894 2394 2970 paulo
2432 2891 2631 2953 minus
2656 2894 2734 2955 ab
2762 2913 2941 2971 ange-

1775 2985 1847 3047 lis
1883 2988 2215 3048 minoratus
2251 2999 2342 3048 est
2377 3007 2492 3049 nec
2529 2989 2656 3049 eius
2693 2990 2796 3067 qui
2833 2991 2938 3053 mi·

1773 3085 2024 3160 norauit,
2055 3105 2168 3147 nec
2195 3086 2324 3147 eius
2364 3084 2468 3163 qui
2507 3086 2695 3165 gloria
2733 3098 2794 3147 et
2835 3088 2940 3149 ho-

1775 3203 1921 3245 nore
1975 3197 2295 3246 coronatus
2349 3197 2442 3246 est
2494 3206 2609 3247 nec
2665 3186 2792 3248 eius
2833 3188 2942 3266 qui

1773 3282 2102 3359 coronauit‚
2132 3303 2244 3343 nec
2273 3283 2401 3344 eius
2438 3283 2541 3361 qui
2578 3285 2940 3347 constitutus

1773 3392 1864 3440 est
1894 3399 2070 3457 super
2110 3399 2292 3458 opera
2333 3400 2620 3440 manuum
2663 3381 2782 3443 Dei
2824 3402 2942 3445 nec

1771 3475 1899 3537 eius
1955 3475 2059 3554 qui
2114 3475 2437 3549 constituit,
2480 3496 2596 3537 nec
2650 3476 2777 3539 eius
2831 3481 2940 3558 qui

1769 3574 2004 3651 accepit
2048 3572 2161 3633 ista
2201 3575 2280 3634 ad
2322 3572 2776 3652 subiectionem,
2821 3597 2939 3639 nec

1771 3670 1898 3733 eius
1925 3670 2029 3749 qui
2056 3670 2225 3731 dedit
2253 3670 2702 3733 subiectionem.

508 3832 565 3887 4.
652 3810 892 3894 [Justin.
924 3816 959 3874 l.
982 3834 1021 3875 c.
1056 3814 1143 3894 (ἓν
1168 3816 1247 3893 τῷ
1272 3811 1520 3893 τετάρτω
1547 3809 1704 3895 λόγῳ
1731 3815 1808 3893 τῷ
1835 3811 1978 3872 κατὰ
2004 3809 2452 3891 Ἀπολιναρίου).
2535 3816 2748 3875 Leont.
2780 3817 2819 3875 l.
2839 3813 2926 3897 6.]-

628 3928 730 3989 τόν
765 3928 826 3987 δὲ
866 3922 1163 4007 ἅνθρωσον
1201 3928 1333 4006 περὶ
1376 3926 1443 3988 οὗ
1483 3925 1662 3988 ταῦτά
1703 3932 1888 4004 φησιν
1922 3926 1957 3987 ὅ
1995 3926 2298 4005 προφήτης
2333 3934 2537 4005 σαφῶς
2577 3928 2612 3988 ὅ
2649 3929 2932 4008 μακάριος

400 4048 436 4106 3
446 4046 477 4108 5
510 4024 695 4102 δηλοῖ,
711 4029 947 4089 Παῦλος
982 4024 1081 4087 τᾶν
1107 4024 1217 4085 {ns-6
1254 4032 1356 4085 τοῦ
1392 4027 1736 4107 μονογενοῦς
1764 4025 2104 4103 εἰλημμένον
2129 4023 2427 4103 ἄνθρωπον
2455 4024 2608 4086 εἶναι.
2699 4028 2930 4106 εἰρηκὼς

505 4129 619 4211 γὰρ
658 4128 753 4190 ὅτι
791 4130 1223 4212 ΔιεΜΔρτῨρατο
1262 4129 1333 4191 Ae
1370 4128 1489 4199 ποῨ
1531 4148 1617 4190 τις
1667 4128 1892 4198 Aet-mn·
1937 4120 1993 4188 ri
2040 4120 2200 4188 ἑετὶη
2255 4124 2595 4211 ἅκθρωποε
2641 4126 2731 4191 ὅτι
2781 4150 2923 4191 Μιμ-

512 4230 709 4314 Νι-ίοκῌ
770 4226 971 4304 ΔῨτοῨ,
1032 4225 1077 4292 εἲ
1133 4226 1259 4303 γῖὁε
1318 4228 1662 4315 ἇΝΘΡώηογ
1719 4228 1808 4291 ὅτι
1869 4228 2201 4312 ἐπισκέπτῃ
2263 4227 2486 4302 αἰτόης
2561 4229 2920 4297 ἠλάττωσας

509 4330 699 4406 afron
764 4335 939 4418 ΒΡΔχῩ
987 4356 1039 4397 τι
1098 4333 1235 4419 παρ’
1296 4333 1604 4409 ἆΓΓὲλοΥε,
1658 4334 1806 4417 ΔόΞῌ
1857 4328 1946 4396 καὶ
2007 4334 2152 4417 τιμιξῖ
2213 4330 2654 4409 ἑοτεφὰκωωε
2713 4336 2922 4413 ahda,

1352 4467 1434 4515 32,
1460 4466 1487 4515 3
1494 4465 1522 4514 3
1545 4449 1940 4500 subleuntionem
1962 4450 2070 4499 edd.

1514 4530 1543 4555 ⁴*
1578 4530 1742 4593 [Heb.
1769 4530 1800 4580 i.
1834 4530 1902 4591 2]-
