3250 5025
952 385 965 395 ’
1074 386 1100 407 ”
1129 463 1144 479 ,
1337 422 2089 478 THESSALomcENsEs
2139 424 2180 474 1.
2632 424 2707 491 35

285 604 417 668 hoc
453 604 633 669 enim
677 602 841 668 dicit
884 600 1584 685 uzjgilemus—etiamsi
1639 602 1885 685 egressi
1934 600 2251 665 fuerimus
2300 621 2341 664 a
2394 602 2535 664 uita
2586 598 2711 663 hac

286 704 503 769 —hoc
545 706 724 769 enirn
770 705 933 769 dicit
972 704 1380 769 dormiamus
1423 703 1599 787 (uult
1641 706 1823 769 enim
1863 707 2100 782 dicere,
2132 713 2206 767 ut
2248 702 2341 767 illi
2393 702 2506 785 qui
2548 712 2713 767 tunc

288 808 527 873 uiuunt
559 809 628 871 in
662 806 908 873 Christi
950 808 1245 871 aduentu
1294 814 1363 870 et
1394 805 1508 889 qui
1540 807 1674 870 iam
1716 817 1873 872 sunt
1916 806 2206 884 mortui),
2239 824 2472 869 omnes
2504 812 2713 868 aeter-

289 930 449 974 nam
495 911 707 975 uitam
753 920 822 973 et
867 910 1320 992 incorruptam
1368 909 1843 992 adquiramus;
1906 909 2068 974 dum
2112 908 2205 971 illi
2252 907 2365 990 qui
2412 926 2711 989 praeces-

288 1023 520 1078 serunt
549 1012 805 1078 dudum
839 1014 905 1077 in
941 1020 1228 1077 mortem
1260 1014 1356 1077 ita
1386 1023 1755 1097 resurgunt,
1795 1022 1865 1078 et
1895 1014 1989 1077 illi
2035 1012 2149 1097 qui
2181 1021 2340 1076 tunc
2371 1014 2609 1076 uiuunt
2641 1013 2708 1076 in

287 1117 980 1200 incorruptibilitatem
1031 1124 1392 1194 mutantur,
1435 1118 1607 1182 sicut
1654 1119 1832 1183 idem
1879 1117 2223 1203 apostolus
2268 1118 2400 1182 alio
2445 1119 2513 1181 in
2560 1116 2709 1181 loco

288 1220 452 1283 dicit
504 1220 824 1302 quoniam
868 1240 1085 1284 omnes
1119 1218 1637 1285 immutabimur.
1727 1221 1928 1304 igitur
1972 1220 2136 1284 nihil
2182 1229 2285 1284 est
2329 1219 2509 1303 quod
2556 1240 2707 1302 pro-

285 1320 518 1384 hibeat
568 1321 852 1385 salutern
903 1342 1026 1385 nos
1079 1319 1202 1385 frui
1255 1322 1566 1397 futuram,
1613 1322 1671 1386 si
1718 1331 1947 1388 tamen
1996 1321 2112 1385 illa
2166 1342 2338 1405 quae
2383 1341 2472 1384 ex
2518 1320 2711 1384 nobis

283 1429 442 1485 sunt
473 1422 747 1486 minime
779 1422 970 1486 nobis
999 1424 1396 1488 obstiterint.
1486 1433 1555 1489 et
1583 1424 1739 1489 hinc
1769 1425 1997 1489 dicens
2027 1424 2233 1488 adicit
2260 1447 2273 1487 ι

397 1602 668 1675 propter
703 1592 883 1675 quod
914 1592 1337 1657 consolamini
1374 1593 1448 1657 in
1489 1592 1780 1671 inuicem,
1812 1604 1875 1657 et
1914 1592 2245 1676 aedzficate
2288 1613 2459 1656 unus
2486 1612 2707 1665 unum.

285 1696 454 1761 sicut
478 1697 806 1779 etfacitis.

419 1844 500 1888 eo
549 1824 730 1907 quod
783 1825 870 1889 ad
925 1825 1338 1908 propositam
1386 1834 1665 1889 exortus
1713 1833 1816 1889 est
1867 1822 2402 1889 exhortationem
2458 1827 2544 1890 ab
2592 1827 2709 1891 illo

287 1928 436 1991 loco
467 1946 600 2008 quo
633 1927 808 1991 dixit
839 1948 973 1991 non
1004 1927 1249 1991 debere
1288 1948 1405 1991 eos
1441 1927 1528 1991 de
1569 1928 2143 1991 consummatione
2184 1928 2429 1991 saeculi
2471 1936 2540 1992 et
2570 1930 2709 1993 eius

289 2038 592 2112 ternpore
637 2030 893 2093 curiose
935 2051 1148 2113 agere,
1181 2032 1548 2094 necessarie
1589 2029 1717 2093 hoc
1766 2031 1831 2092 in
1872 2029 2019 2093 loco
2063 2029 2240 2093 istud
2287 2028 2551 2105 adiecit,
2581 2029 2709 2094 hoc

289 2140 391 2195 est
419 2156 432 2195 ε
479 2132 969 2214 ‘relinquentes
1015 2131 1145 2207 illa,
1178 2132 1344 2196 haec
1375 2134 1557 2215 agite
1587 2141 1656 2196 et
1686 2133 1773 2196 de
1816 2132 1919 2195 his
1949 2139 2164 2195 estote
2196 2128 2476 2201 solliciti.
2509 2139 2579 2194 et
2622 2132 2710 2195 de

284 2235 415 2299 illis
458 2237 546 2301 ad
591 2237 983 2301 alterutrum
1028 2236 1368 2319 disputate
1413 2257 1534 2319 pro
1574 2236 1914 2300 communi
1957 2234 2291 2299 utilitate?
2382 2243 2537 2317 post
2578 2234 2707 2303 hoc

292 2360 448 2403 uero
480 2339 876 2405 exhortatur
904 2360 1018 2403 eos
1050 2340 1276 2403 dicens
1303 2362 1318 2404 :

421 2528 730 2590 rogamus
771 2518 986 2571 autem
1033 2529 1158 2586 uos,
1175 2506 1453 2590 fratres,
1484 2505 1648 2571 scire
1688 2527 1788 2572 eos
1830 2505 1947 2590 qui
1986 2506 2288 2572 laborant
2324 2506 2395 2571 in
2432 2507 2611 2573 uobis
2650 2518 2715 2572 et

273 2619 596 2690 praesunt
635 2609 816 2674 uobis
858 2610 930 2674 in
973 2603 1256 2674 Domino
1289 2621 1353 2674 et
1393 2610 1741 2674 admouent
1775 2630 1889 2673 uos
1902 2632 1936 2685 ,·
1980 2609 2317 2673 aestimate
2352 2629 2455 2673 eos
2491 2621 2707 2692 super-

284 2711 537 2778 abunde
564 2713 634 2776 in
663 2713 936 2776 caritate
947 2724 1212 2795 propter
1236 2725 1390 2796 opus
1416 2733 1635 2776 eorum
1654 2735 1685 2789 ,·
1716 2725 1939 2796 pacem
1967 2713 2185 2778 habete
2214 2714 2283 2777 in
2312 2735 2425 2778 eos.

389 2915 418 2949 α
451 2907 508 2950 nt
530 2907 581 2950 et
603 2899 678 2949 illi
701 2907 820 2950 tunc
841 2901 1012 2950 uiuent
1042 2901 1086 2950 C
1106 2901 1254 2962 (corr)
1469 2919 1500 2962 4
1533 2900 1853 2965 adquiremus
1880 2901 1923 2949 C
1944 2897 2092 2964 (corr)
2322 2911 2349 2962 5
2385 2905 2639 2962 resurgent
2669 2899 2715 2948 C

293 2981 440 3048 (corr)
613 2982 645 3034 6
679 2983 1147 3048 incorruptibilitate
1170 2984 1238 3032 H
1257 2981 1266 3046 Ι
1293 2982 1615 3032 mutabuntur
1644 2983 1687 3031 C
1708 2982 1856 3043 (corr)
2040 2983 2070 3030 8
2104 2979 2279 3042 salute,
2307 2981 2471 3031 futura
2496 2982 2541 3030 C
2562 2979 2707 3045 (corr)

291 3079 324 3130 9
356 3064 505 3114 nobis
525 3080 604 3114 om
621 3065 689 3114 H
882 3080 942 3114 10
973 3069 1026 3114 in
1046 3081 1126 3114 om
1148 3065 1216 3114 H
1235 3063 1244 3130 Ι
1271 3065 1562 3114 alterutrum
1587 3063 1703 3128 (for
1722 3079 1850 3113 unus
1870 3061 1945 3126 u.)
1970 3079 2003 3112 r
2233 3080 2285 3113 11
2324 3063 2450 3112 illud
2474 3063 2571 3126 (ast
2590 3061 2707 3127 fac.)

289 3147 396 3196 add
417 3147 462 3195 C
592 3162 649 3196 12
685 3163 748 3196 eo
769 3146 892 3212 quid
919 3145 997 3195 C*
1023 3147 1090 3195 H
1144 3145 1672 3196 e0...exhortationem
1694 3161 1773 3194 om
1796 3161 1828 3194 r
1962 3161 2020 3208 ¹4
2053 3144 2330 3194 necessario
2353 3160 2385 3193 r
2502 3144 2561 3196 16
2594 3153 2709 3210 post

286 3226 416 3276 haec
440 3225 485 3276 C
506 3225 654 3287 (corr)
820 3240 884 3276 σο
917 3226 968 3275 in
991 3225 1063 3276 eis
1091 3227 1134 3275 C
1154 3226 1302 3287 (corr)

289 3380 526 3432 fuerimus
559 3397 587 3430 e
614 3380 721 3430 uita
752 3381 864 3440 hac,
891 3396 1064 3430 omnes
1097 3379 1254 3429 uitam
1287 3380 1448 3429 incor·
1550 3383 1605 3428 οὐ
1648 3380 1747 3442 γὰρ
1784 3381 1927 3440 μόνον
1973 3383 2019 3430 οἱ
2060 3381 2453 3442 τετελευτηκότες
2495 3381 2708 3440 ἀναστή-

289 3470 490 3527 ruptam
513 3461 886 3526 adquiramus-’⁹
1548 3476 1719 3508 σονται
1743 3461 1999 3521 ἄφθαρτοι,
2034 3457 2165 3508 ἀλλὰ
2188 3461 2266 3508 καὶ
2290 3461 2335 3508 οἱ
2368 3463 2439 3509 ἔτι
2469 3460 2709 3524 περιόντες

363 3559 406 3592 1.
471 3543 560 3593 boc
601 3544 737 3594 enim
774 3544 898 3593 dicit
946 3545 961 3570 ⁶
977 3544 1243 3608 uigilemus
1260 3542 1296 3604 ']
1376 3543 1448 3592 So
1549 3546 1639 3604 τὴν
1660 3541 1939 3604 ἀφθαρσίαν
1961 3540 2249 3590 ἐνδύσοὸται.

291 3625 495 3688 Chrys.:
533 3627 590 3674 ἄν
608 3643 664 3674 τε
686 3623 771 3675 οὖν
787 3625 1101 3685 ἀποθάνωμεν
1127 3627 1253 3674 ἄντε
1276 3627 1445 3685 ζῶμεν,
1620 3641 1695 3675 10.
1763 3641 1899 3674 unus
1927 3624 2110 3685 unum]
2150 3625 2215 3673 εἲς
2248 3625 2333 3673 τὸν
2374 3625 2472 3672 ἕνα.
2539 3623 2606 3674 Ο.
2644 3623 2704 3671 L.

287 3705 399 3765 μετ’
432 3707 580 3756 αὐτοῦ
594 3706 854 3766 ζησόμεθα.
905 3707 1080 3755 Thdt.:
1117 3705 1449 3768 ἐγρηγορότας
1547 3708 1649 3756 and
1673 3706 1844 3771 Vulg.,
1876 3703 2275 3756 “alterutrum.”

289 3787 389 3850 γὰρ
423 3788 654 3836 ἐκάλεσεν
696 3789 806 3836 τοὺς
849 3788 923 3836 ἔτι
968 3784 1078 3836 κατ’
1129 3787 1310 3835 ἐκεῖνον
1362 3787 1447 3835 τὸν
1621 3801 1697 3837 12.
1765 3804 1816 3838 eo
1839 3788 1975 3852 quod
2002 3787 2075 3835 ad
2092 3793 2258 3852 prop„
2305 3785 2419 3849 &c.]
2476 3787 2577 3838 Le.
2621 3789 2707 3839 the

291 3873 458 3936 καιρὸν
510 3871 776 3934 περιόντας·
861 3873 1178 3921 καθεύδοντας
1234 3872 1288 3920 δὲ
1340 3872 1448 3922 τοὺς
1548 3876 1748 3934 present
1770 3885 1911 3939 yerse
1935 3869 2046 3919 falls
2066 3869 2199 3918 back
2215 3885 2353 3934 upon
2375 3870 2462 3920 the
2478 3869 2707 3920 exhorta·

292 3955 710 4014 τετελευτηκότας.
779 3955 964 4020 Comp.
1003 3961 1162 4018 supra
1191 3969 1258 4003 on
1295 3969 1340 4002 c.
1377 3953 1440 4004 iv.
1549 3951 1657 4000 tion
1678 3952 1738 4001 of
1763 3967 1807 4001 c.
1834 3952 1899 4000 iv.
1930 3953 2016 4011 183
2048 3951 2135 4001 the
2158 3950 2373 4016 Apostle
2398 3950 2586 4016 having
2606 3953 2705 4002 dis-

295 4048 373 4098 15.
1549 4033 1733 4082 missed
1756 4033 1827 4081 all
1848 4031 1951 4082 idle
1972 4032 2221 4097 enquiries
2247 4047 2302 4082 as
2324 4039 2379 4082 to
2402 4033 2488 4083 the
2510 4034 2633 4084 time
2655 4034 2714 4084 of

358 4131 404 4180 7.
454 4133 618 4167 omnes
639 4117 1048 4180 immutabimur]
1085 4133 1106 4167 1
1127 4117 1246 4167 Cor.
1267 4133 1348 4165 xv.
1367 4129 1446 4180 51.
1548 4113 1636 4165 the
1674 4114 1896 4172 Advent,
1930 4121 2069 4165 turns
2106 4122 2161 4164 to
2198 4131 2231 4163 a
2267 4131 2407 4166 more
2440 4115 2705 4181 profitable

289 4201 402 4250 The
436 4200 586 4250 Latin
614 4200 856 4256 versions,
890 4201 1166 4265 supported
1197 4200 1266 4263 by
1291 4216 1322 4248 a
1354 4199 1450 4249 few
1549 4195 1757 4260 subject,
1796 4196 1914 4246 via:
1947 4196 2033 4246 the
2066 4196 2255 4262 pursuit
2286 4197 2345 4248 of
2377 4199 2568 4249 mutual
2602 4200 2705 4250 edi-

289 4280 459 4331 Greek
471 4280 658 4346 copies,
691 4281 908 4332 inserted
931 4297 1033 4331 non
1049 4300 1071 4340 ;
1113 4297 1197 4331 see
1232 4281 1444 4331 Hieron.
1547 4277 1770 4330 fication.

287 4371 362 4428 ep.
405 4379 426 4413 1
439 4379 514 4430 19.
584 4365 692 4414 Our
727 4364 993 4414 translator
1021 4364 1147 4415 with
1181 4365 1262 4414 his
1299 4364 1445 4415 usual
1618 4377 1695 4428 19.
1761 4363 2013 4413 aestimate
2030 4379 2105 4414 eos
2124 4364 2485 4428 superabunde]
2553 4365 2616 4416 Ο.
2640 4367 2696 4416 L.

287 4443 480 4507 fidelity
533 4443 742 4494 adher-es
797 4450 851 4494 to
907 4442 1048 4494 Th.’s
1102 4451 1225 4494 text.
1302 4443 1446 4494 With
1545 4445 1649 4494 and
1671 4444 1841 4508 Vulg„
1881 4447 1919 4472 “
1937 4451 1991 4496 ut
2031 4445 2261 4496 habeatis
2296 4446 2413 4497 illos
2447 4447 2704 4497 abnndan-

287 4525 432 4576 Th.'s
453 4541 539 4576 use
571 4525 627 4576 of
655 4526 744 4577 the
779 4525 986 4576 citation
1019 4526 1083 4575 cf.
1113 4525 1269 4576 Thdt.
1297 4525 1370 4574 ad
1385 4526 1445 4574 L:
1547 4523 1695 4575 tius.”
1762 4525 1880 4585 Th„
1917 4542 1974 4576 or
2016 4525 2095 4577 his
2140 4528 2422 4584 translator,
2456 4527 2547 4578 has
2586 4529 2705 4578 read

2362 4641 2527 4704 3—2

2746 1610 2823 1657 10

2745 2148 2815 2215 15

2738 2727 2823 2775 20
