3250 5025
296 386 349 451 Ι.
389 387 687 473 10-12,]
1010 400 1095 451 IN
1142 400 1249 453 ΕΡ.
1290 398 1395 451 An
1438 397 1905 452 ΤιΜοτΗΕυΜ
1950 396 2028 449 11.
2605 396 2728 464 199

278 574 536 657 festata
608 584 825 639 autem
902 572 1121 659 [nunc]
1178 584 1301 658 per
1368 572 1820 640 reuelationem
1891 570 2246 637 saluatoris·
2307 568 2518 635 nostri
2573 570 2724 635 Iesu

304 677 573 744 Christi.

433 824 527 886 ‘si
573 822 753 887 enim
798 822 989 886 exitu
1031 822 1454 906 negotiorum
1500 842 1752 889 nouum
1803 844 1950 889 esse
1993 822 2388 907 perspicitur
2433 842 2723 905 euange-

298 924 480 1002 lium,
516 926 635 991 sed
682 926 956 989 arbitrio
1002 925 1320 1013 donantis
1363 926 1718 1009 antiquum
1762 936 1886 991 est.
1977 947 2136 991 nam
2167 926 2424 989 dudum
2453 926 2620 991 haec
2651 928 2722 993 in

303 1028 571 1093 Christo
618 1028 756 1092 fieri
800 1029 1203 1111 probauerat
1236 1027 1460 1107 Deus;
1509 1048 1688 1092 nunc
1719 1049 1879 1113 ergo
1917 1028 2190 1113 quando
2237 1029 2381 1111 ipse
2415 1027 2722 1095 Christus
2797 1048 2828 1117 5

300 1130 493 1195 nobis
524 1132 833 1215 adparuit
864 1131 932 1194 in
964 1151 1166 1213 opere
1195 1129 1360 1194 illud
1392 1128 1756 1213 produxit?
1799 1141 1869 1195 et
1899 1132 2435 1214 magnitudinem
2457 1131 2722 1197 illorum

297 1236 625 1300 bonorum
667 1255 841 1318 quae
874 1254 996 1317 pro
1044 1233 1237 1297 nobis
1283 1232 1545 1298 fuerant
1584 1234 1974 1318 dispensata
2013 1234 2102 1299 ad
2145 1232 2717 1301 confirmationem

301 1338 634 1423 euangelii
670 1334 1111 1422 [ostendens]‚
1143 1336 1392 1401 adiecit
1420 1356 1437 1400 ε

430 1472 551 1557 qui
587 1472 913 1536 destruxit
936 1469 1195 1553 quidem
1230 1479 1516 1549 mortem,
1552 1470 1990 1535 zinluminauit
2018 1480 2238 1535 autem
2274 1470 2488 1537 uitam
2525 1481 2590 1539 et
2627 1472 2726 1539 in-

302 1576 767 1661 corruptionem
782 1587 911 1659 per
933 1574 1359 1657 euangelium.
2763 1595 2842 1643 10

434 1690 601 1753 ‘hoc
659 1688 924 1773 (inquit)
981 1686 1178 1767 fecit3
1224 1686 1564 1752 destruxit
1606 1686 1882 1771 quidem
1932 1694 2236 1766 mortem,
2291 1687 2504 1754 uitam
2565 1708 2728 1755 uero

306 1795 646 1879 quandam
678 1812 924 1856 nouam
967 1792 1162 1856 nobis
1209 1790 1550 1870 reuelauit,
1594 1792 1912 1875 quoniam
1963 1790 2137 1876 [pro]
2187 1792 2496 1857 omnibus
2532 1792 2730 1856 liber-

308 1908 458 1963 atus
488 1906 590 1962 est
620 1896 1014 1980 corruptela.
1100 1896 1259 1961 talis
1300 1898 1480 1961 enim
1520 1905 1624 1961 est
1662 1896 1777 1961 ina
1806 1897 1949 1960 uita
1988 1916 2194 1979 quam
2243 1916 2363 1980 per
2406 1916 2728 1961 resurrec-

306 2003 563 2067 tionem
606 2002 800 2065 nobis
830 2001 1031 2065 tribui
1064 2000 1540 2085 expectamus!
1629 2008 1700 2064 et
1739 2002 2062 2085 quoniam
2103 2001 2508 2066 sufficienter
2539 2022 2726 2085 mag-

309 2106 613 2171 nitudine
643 2104 1039 2187 dogmatum
1072 2104 1359 2167 eundem
1393 2102 1716 2181 incitauit,
1746 2102 2026 2167 adiecit:
2764 2128 2836 2197 15

440 2239 514 2303 in
584 2260 709 2322 quo
751 2237 1007 2322 positus
1062 2258 1212 2303 sum
1268 2259 1381 2323 ego
1426 2238 1846 2323 praedicator
1897 2248 1962 2303 et
2014 2240 2334 2323 apostolus
2396 2250 2462 2305 et
2520 2240 2737 2308 doctor

298 2344 618 2431 gentium,

442 2467 511 2522 et
540 2465 616 2523 ut
646 2457 730 2522 ad
764 2454 1273 2522 similitudinem
1298 2456 1606 2524 Incitaret
1637 2455 2111 2522 Timotheum:
2145 2432 2303 2542 ‘pro
2327 2458 2430 2523 his
2464 2457 2729 2542 (inquit)

312 2583 439 2646 ego
468 2562 871 2627 constitutus
902 2581 1068 2638 sum,
1100 2562 1193 2626 ita
1233 2570 1309 2626 ut
1340 2571 1409 2626 et
1438 2571 1512 2626 tu
1544 2560 1714 2625 haee
1749 2581 1958 2644 agens
2003 2562 2340 2645 particeps
2385 2562 2546 2625 mihi
2588 2582 2734 2627 esse

312 2663 635 2732 uideatis?
714 2674 784 2728 et
814 2663 988 2728 ultra
1018 2664 1103 2727 de
1134 2665 1270 2728 suis
1301 2664 1595 2729 eundem
1624 2663 1922 2746 plenarie
1953 2664 2336 2744 adhortanS,
2368 2666 2645 2731 adiecit:
2763 2681 2849 2729 20

446 2814 645 2878 quam
675 2791 750 2857 ob
780 2813 915 2856 rem
943 2801 1006 2856 et
1030 2791 1185 2855 lzaec
1195 2791 1425 2875 patior
1434 2816 1466 2869 ‚·
1514 2791 1634 2856 sed
1653 2811 1782 2856 non
1811 2792 2185 2874 confundor.

444 2931 618 2995 bene
671 2930 896 3014 posuit
942 2949 1068 2993 non
1119 2929 1491 3011 confundor,
1542 2931 1702 3015 quia
1748 2939 1818 2994 et
1857 2931 1923 2994 in
1973 2929 2420 3014 superioribus
2470 2931 2738 2997 dixerat

420 3093 441 3128 1
480 3092 613 3128 nunc
636 3093 713 3128 om
742 3077 786 3126 C
795 3076 867 3126 H
1094 3089 1121 3139 5
1158 3075 1447 3141 probauerit
1465 3077 1537 3126 H
1767 3078 1800 3127 8
1833 3077 2101 3127 ostendens
2121 3093 2200 3126 om
2227 3077 2271 3126 C
2289 3077 2359 3127 H
2369 3094 2402 3128 r
2425 3075 2436 3142 Ι
2465 3078 2617 3128 adicit
2646 3079 2691 3128 C
2707 3095 2742 3128 r

322 3176 379 3212 η
414 3159 561 3210 nobis
581 3175 767 3209 nouam
789 3175 823 3208 r
847 3155 856 3222 Ι
884 3173 1015 3224 quae
1035 3157 1268 3208 omnibus
1298 3157 1457 3208 libera
1488 3174 1534 3208 e.
1564 3157 1643 3208 C·
1667 3174 1702 3207 r
1774 3159 2012 3224 quoniam
2045 3159 2277 3210 omnibus
2307 3159 2549 3211 liberatus
2581 3167 2656 3211 est
2679 3161 2749 3211 H

325 3259 383 3308 13
416 3240 787 3292 resurrectionis
808 3241 877 3290 H
1132 3254 1193 3302 14
1224 3241 1623 3304 magnitudinem
1649 3241 1693 3290 C
1713 3241 1780 3290 H
1792 3256 1826 3290 r
2098 3254 2155 3304 15
2191 3242 2244 3290 in
2269 3239 2616 3306 (befeundem)
2639 3243 2742 3293 add

324 3321 444 3372 CH
465 3319 474 3385 Ι
501 3320 653 3369 adicit
682 3319 725 3369 C
744 3334 778 3368 r
942 3318 1001 3369 16
1034 3325 1086 3369 et
1106 3335 1185 3369 om
1206 3335 1241 3368 r
1263 3318 1273 3385 Ι
1302 3319 1539 3384 magister
1562 3319 1680 3385 (sor
1698 3319 1894 3386 doctor)
1917 3337 1952 3371 r
2117 3335 2178 3386 19
2209 3311 2466 3387 apostolus
2490 3320 2588 3386 (ᾳίὶι
2605 3314 2745 3388 sum)¹

318 3400 505 3467 addrl
534 3399 1127 3466 ita(besagens)addH
1344 3417 1410 3451 πο
1440 3402 1595 3453 adicit
1636 3402 1732 3452 Cr
1961 3417 2021 3453 αι
2059 3419 2212 3469 quam
2234 3403 2618 3456 obcausamH
2671 3406 2740 3456 ob

320 3503 473 3554 quam
490 3499 695 3536 causam
716 3483 767 3532 h.
792 3497 841 3547 p.
870 3498 903 3532 r
1119 3495 1184 3531 π
1216 3482 1477 3547 supet-ibus
1503 3483 1611 3548 (sic)
1635 3485 1704 3533 H

320 3635 353 3679 4
386 3615 587 3680 (infra).
644 3613 757 3664 The
791 3612 1031 3663 omission
1054 3611 1120 3662 of
1152 3628 1291 3662 nunc
1313 3613 1357 3663 is
1390 3619 1481 3664 not
1652 3613 1726 3665 16.
1797 3614 1964 3665 doctor
2002 3615 2254 3680 gentium]
2310 3615 2462 3666 Latin
2495 3616 2733 3680 versions,
2825 3637 2832 3644 ·

323 3699 421 3749 due
445 3705 499 3748 to
520 3695 663 3746 Th.'s
693 3701 829 3754 text3
864 3710 949 3744 see
977 3693 1065 3744 the
1094 3709 1294 3755 comm„
1320 3694 1477 3757 infra,
1586 3695 1924 3760 “magisterss'
1987 3696 2065 3747 Cf.
2102 3714 2123 3748 1
2152 3697 2286 3746 Tim.
2311 3697 2360 3748 ii.
2389 3696 2441 3748 6.

323 3783 360 3832 1.
413 3795 458 3846 5.
534 3780 901 3831 Reuelationem
950 3779 1120 3840 (ετ-ῆς
1174 3779 1483 3839 ἐπιφανείας
1647 3791 1728 3827 21.
1791 3793 1946 3842 quam
1977 3777 2034 3828 ob
2063 3777 2192 3840 rem]
2239 3779 2335 3828 See
2373 3785 2494 3829 note
2526 3794 2598 3828 on
2628 3795 2678 3829 v.
2707 3778 2740 3830 6

323 3879 381 3914 so
418 3860 583 3926 again,
624 3876 669 3911 c.
710 3860 781 3910 iv.
826 3859 905 3924 1);
942 3858 1117 3924 Vulg.,
1166 3859 1203 3884 ‘⁸
1217 3858 1479 3908 inlumina·
1582 3855 1790 3922 (supra).

322 3941 565 4004 tionem,”
601 3940 793 4006 though
824 3940 876 3990 in
903 3939 991 3990 the
1020 3947 1139 3990 next
1167 3955 1309 3990 verse
1346 3940 1481 4005 “qui
1648 3949 1728 3984 αα.
1794 3935 1910 3985 bene
1913 3936 2090 4000 posuit
2109 3940 2237 3986 ‘non
2259 3937 2580 4002 conflandor’]
2629 3939 2742 3989 The

322 4023 833 4077 inluminauit”=roa
866 4025 1186 4086 φωτίσαντος.
1582 4017 1849 4068 ttanslator
1885 4017 1928 4068 is
1965 4018 2086 4070 here
2123 4034 2181 4068 so
2223 4018 2328 4069 tied
2367 4027 2422 4070 to
2461 4020 2546 4070 the
2592 4021 2743 4071 Latin

393 4119 440 4170 5.
465 4105 768 4170 prohaaaerat
788 4103 950 4166 Deus]
994 4101 1073 4153 Cf.
1098 4115 1139 4152 1.
1156 4118 1208 4168 p.
1231 4115 1340 4164 1¹25,
1360 4101 1395 4151 1.
1422 4117 1482 4166 3²
1582 4100 1819 4160 veniens,
1868 4100 1979 4150 that
2022 4101 2110 4151 the
2153 4101 2515 4166 requirements
2558 4102 2618 4153 of
2656 4103 2742 4153 the

324 4187 627 4252 “antiquam
672 4185 823 4236 fuisse
880 4185 979 4236 Dei
1023 4185 1089 4234 de
1131 4183 1212 4234 his
1264 4183 1417 4248 prob
1428 4199 1477 4232 a·
1582 4199 1726 4233 sense
1747 4182 1876 4233 have
1905 4189 1994 4233 not
2021 4183 2238 4234 induced
2269 4184 2376 4234 him
2398 4192 2453 4234 to
2475 4185 2742 4236 substitute

326 4273 553 4322 tionem
576 4266 845 4319 ostendit.”
897 4268 1052 4317 From
1076 4267 1316 4324 δοθεῖσαν,
1328 4267 1476 4316 mah.
1584 4260 1918 4324 “erubesoo,''
1941 4278 2068 4312 even
2090 4263 2144 4312 in
2164 4262 2251 4313 the
2271 4279 2454 4313 comm.
2491 4263 2603 4314 The
2620 4280 2742 4314 con·

324 4354 481 4404 Thdt.
516 4351 679 4401 draws
712 4365 743 4399 a
777 4349 967 4400 further
1001 4347 1267 4409 inference,
1303 4347 1471 4397 which
1582 4343 1770 4394 nexion
1785 4345 2014 4395 between
2031 4361 2195 4396 verses
2213 4348 2244 4396 8
2265 4345 2368 4395 and
2396 4360 2453 4396 12
2477 4346 2520 4396 is
2541 4347 2743 4398 noticed

328 4435 427 4484 Th.
462 4433 556 4483 has
588 4430 929 4483 overlookedz
961 4431 1137 4492 ἔδειξεν
1174 4430 1263 4480 τοῦ
1294 4429 1397 4480 υἱοῦ
1424 4428 1485 4479 τὸ
1582 4423 1692 4475 also
1713 4424 1784 4488 by
1799 4425 1981 4476 Thdtz
2021 4422 2129 4475 ὀὐκ
2149 4422 2550 4488 hammum*
2571 4428 2745 4476 τούτου

326 4516 493 4568 ἀΐδιον.
1586 4507 1734 4570 χάριν
1777 4509 1858 4557 καὶ
1891 4505 1964 4570 τῷ
2000 4505 2197 4571 μαθητῇ
2243 4505 2314 4569 μη*
2356 4507 2745 4570 ἐπαισχύνεσθαι
