3250 5025
404 355 857 408 FRAGMENTS
904 357 997 407 OF
1042 357 1197 407 THE
1242 357 1634 409 DOGMATIC
1681 358 1944 409 WORKS
1991 359 2085 410 OF
2131 357 2560 410 THEODORE.
2641 359 2766 424 319

344 523 525 598 plena
564 524 881 600 loquentes
914 531 979 585 ‘et
1016 544 1157 584 cum
1200 527 1387 584 multa
1429 517 1813 586 irreuerentia
1854 527 2014 602 leges
2056 525 2504 587 constituentes,
2591 545 2768 604 quae-

341 638 601 695 cumque
630 620 788 680 enim
828 623 1161 682 secundum
1201 622 1431 698 aliquid
1468 621 1740 696 discreta,
1773 624 2108 683 secundum
2145 622 2373 700 aliquid
2407 637 2769 702 acceperunt

340 714 651 788 unitatem,
709 728 950 778 seruant
1012 738 1179 778 suam
1240 738 1361 796 qua
1419 719 1678 780 discreta
1739 731 1880 779 sunt
1941 719 2303 780 incolumem
2359 720 2652 780 rationem
2709 733 2768 782 et

338 813 631 875 unitatem
684 813 975 894 integram
1029 819 1274 878 habent.
1360 836 1549 876 unum
1601 827 1694 877 est
1742 817 1970 894 aliquid
2027 827 2254 888 natura,
2305 816 2456 877 sicut
2505 817 2660 877 filius
2708 829 2769 878 et

340 922 509 986 pater
528 933 545 984 ς
601 925 805 972 manet
846 925 1047 973 autem
1090 933 1479 990 personarum
1523 911 1822 984 discretio,
1869 911 2130 973 essentia
2178 911 2425 989 quidem
2474 912 2770 989 insepara-

342 1007 537 1068 biliter
574 1008 865 1070 existente
903 1031 1041 1082 una,
1072 1031 1366 1088 personae
1403 1012 1706 1089 propriam
1745 1013 1972 1071 habent
2009 1010 2446 1082 discretionem,
2477 1020 2544 1069 ut
2571 1029 2767 1087 neque

340 1117 511 1181 pater
552 1105 783 1166 dicatur
822 1107 977 1167 filius
1019 1128 1215 1185 neque
1255 1109 1409 1168 filius
1457 1119 1642 1185 pater.
1729 1107 1998 1168 similiter
2047 1107 2160 1169 etsi
2209 1119 2420 1168 natura
2467 1107 2765 1184 quaedam

340 1200 577 1262 diuersa
618 1214 775 1272 sunt,
816 1205 1149 1264 secundum
1190 1193 1357 1264 aliud
1397 1225 1543 1264 uero
1584 1204 1834 1266 adunari
1876 1203 2190 1282 contigerit
2233 1225 2322 1278 ea,
2365 1223 2562 1282 neque
2603 1215 2768 1264 natu-

340 1300 525 1358 ralem
566 1300 827 1376 perdunt
876 1301 1232 1362 divisionem
1277 1313 1338 1363 et
1382 1302 1675 1362 unitatem
1718 1301 2019 1379 propriam
2063 1304 2308 1376 habent,
2345 1301 2513 1362 'sicut
2566 1301 2766 1362 anima

344 1395 607 1455 adunata
628 1408 720 1456 est
736 1397 987 1474 corpori,
1007 1409 1067 1458 et
1098 1418 1252 1458 unus
1283 1419 1355 1458 ex
1384 1399 1680 1459 ambobus
1709 1401 1954 1460 effectus
1984 1411 2073 1458 est
2103 1400 2324 1471 homo;
2359 1409 2565 1458 manet
2593 1408 2765 1458 natu-

342 1515 537 1554 rarum
578 1497 812 1570 diuisio‚
856 1497 973 1556 alia
1014 1495 1259 1574 quidem
1302 1496 1505 1557 anima
1546 1507 1654 1568 est,
1685 1495 1802 1555 alia
1843 1515 1988 1554 uero
2031 1515 2187 1570 cam,
2233 1505 2294 1554 et
2335 1495 2478 1554 illud
2521 1495 2766 1572 quidem

344 1592 659 1656 inmortale
700 1607 809 1668 est,
838 1595 987 1655 illud
1031 1614 1175 1654 uero
1217 1595 1467 1654 mortale
1484 1617 1501 1670 3
1550 1604 1607 1654 et
1649 1593 1799 1653 illud
1841 1594 2084 1671 quidem
2135 1595 2421 1655 rationale
2467 1607 2574 1668 est,
2619 1595 2768 1654 illud

342 1699 545 1750 autem
602 1691 969 1753 inrationale.
1054 1711 1210 1751 unus
1259 1703 1459 1751 autem
1508 1691 1696 1750 homo
1747 1701 2084 1767 utrumque,
2129 1692 2474 1751 alterutrum
2517 1710 2660 1751 uero
2702 1689 2766 1750 in

343 1788 540 1865 seipso
570 1791 753 1849 homo
782 1808 1109 1865 numquam
1138 1788 1353 1848 dicitur
1391 1789 1666 1848 absolute
1695 1798 1756 1846 et
1785 1787 2043 1865 proprie,
2075 1787 2188 1847 nisi
2217 1791 2367 1848 sorte
2395 1807 2535 1847 cum
2563 1788 2766 1864 aliquo

342 1885 771 1954 additamento,
802 1887 953 1946 sicut
981 1888 1228 1945 interior
1260 1887 1425 1944 homo
1464 1897 1525 1945 et
1558 1887 1812 1944 exterior
1843 1885 2073 1956 homst,
2104 1905 2228 1944 non
2257 1887 2532 1948 absolute
2559 1889 2764 1962 horn0,

344 1983 453 2042 sed
482 1982 723 2042 interior
749 1993 811 2044 et
839 1984 1091 2044 exterior
1100 2004 1117 2056 3
1154 1993 1223 2042 ut
1250 1984 1535 2059 adpareat
1562 1981 1724 2042 aliud
1753 1981 1998 2058 quidem
2028 1981 2271 2042 interius
2298 1983 2575 2056 hominiS,
2602 1986 2765 2045 aliud

344 2097 487 2139 uero
522 2079 792 2140 exterius
880 2079 963 2140 ita
997 2091 1059 2140 et
1092 2079 1156 2139 in
1193 2079 1442 2140 domino
1483 2080 1723 2140 Christo
1767 2079 2040 2152 dicimuS,
2072 2100 2110 2140 o
2140 2080 2440 2155 mirabilis,
2477 2082 2765 2159 quoniam

342 2174 405 2234 in
434 2177 626 2235 forma
655 2176 771 2236 Dei
799 2188 1007 2237 extans
1036 2179 1227 2238 forma
1256 2175 1427 2252 serui,
1464 2196 1662 2253 neque
1692 2177 2015 2237 adsumens
2044 2178 2210 2254 quod
2237 2179 2624 2256 adsumptum
2654 2191 2762 2254 est,

344 2295 543 2352 neque
588 2278 754 2353 quod
801 2276 1189 2352 adsumptum
1232 2287 1323 2336 est
1364 2277 1687 2336 adsumens
1707 2295 1725 2349 3
1781 2274 1977 2334 unitas
2019 2287 2223 2334 autem
2264 2275 2567 2354 adsumpti
2607 2276 2765 2338 circa

344 2372 758 2432 adsumentem
787 2370 1196 2448 inseparabilis
1224 2381 1333 2444 est,
1363 2372 1692 2432 secundum
1721 2372 1952 2430 nullum
1981 2372 2226 2432 modum
2256 2371 2439 2432 incidi
2467 2374 2690 2434 ualens·

348 2523 399 2563 2.
486 2500 725 2584 [Justin.
770 2513 849 2580 ep.
894 2503 1027 2563 adu.
1080 2505 1141 2562 Τ
1129 2503 1185 2560 h.
1228 2502 1319 2581 (ἐκ
1347 2503 1457 2562 τῶν
1486 2499 1630 2561 κατσῖ
1656 2498 2066 2579 Ἀπολιναρίου
2094 2504 2154 2561 ἐν
2180 2505 2258 2581 τῷ
2283 2499 2531 2583 τετάρτῳ
2557 2500 2758 2586 λόγῳ).

1356 2602 1568 2661 Leont.
1600 2602 1639 2658 l.
1670 2597 1766 2680 c.].

462 2720 778 2781 Δεδωκέναι
810 2721 915 2781 σοί
943 2746 1097 2785 τινας
1135 2724 1245 2781 τῶν
1274 2720 1560 2799 ἡμετέρων
1600 2720 1761 2786 εἴπας
1795 2722 1868 2781 τσῖ
1908 2719 2010 2781 οὔκ
2047 2720 2120 2782 ἂν
2154 2722 2392 2785 δοθέντα
2427 2722 2584 2800 παρά
2614 2750 2765 2789 τινος

340 2820 451 2878 τῶν
477 2822 577 2894 τῆς
604 2822 1081 2895 ἔκκλησιαστικῆς
1106 2818 1443 2899 ἀντέχεσθαι
1470 2817 1636 2894 δόξης
1665 2817 2104 2881 ἐσπουδακότων.
2202 2819 2626 2899 ἐπυνθανόμεθα
2651 2821 2762 2904 γὰρ

343 2918 392 2974 εἰ
444 2914 543 2974 τόν
591 2914 720 2976 θεὸν
767 2916 949 2999 λόγον
994 2915 1384 2999 ὁμολογοῦσιν
1436 2914 1732 2994 ἄνθρωπον
1784 2916 2151 2998 γεγενῆσθαι·
2209 2917 2262 2977 εἴ
2309 2943 2430 2982 πως
2485 2918 2764 3001 ἐπήγαγες

343 3018 359 3047 ⁸
377 3012 667 3072 ἐδίδοσαν]
761 3015 855 3073 καὶ
880 3014 963 3077 τίς
990 3012 1059 3073 ἂν
1088 3014 1226 3093 ἔχων
1251 3016 1383 3074 νοῦν
1410 3012 1706 3092 ἄνθρωπον
1735 3012 1884 3073 εἴποι
1907 3012 2009 3075 τὸν
2035 3012 2164 3074 θεόν
2187 3016 2531 3097 γεγενῆσθαι
2565 3016 2760 3098 λόγον,

2837 925 2868 985 5

2799 1421 2870 1459 10

2792 2394 2870 2434 20

339 3110 411 3173 ὦς
436 3110 593 3187 ὑμεῖς
620 3116 783 3187 φατε,
813 3114 863 3171 εἰ
886 3110 967 3189 μὴ
994 3109 1102 3188 ἄρα
1128 3112 1232 3187 τὴν
1259 3110 1434 3187 αὖτήν
1459 3110 1589 3186 ὑμῖν
1616 3111 1894 3187 πρότερον
1920 3110 2164 3189 νοσήσει
2189 3110 2383 3173 ἄνοιαν
2400 3134 2419 3188 3
2459 3113 2620 3189 ἡμεῖς
2650 3115 2760 3196 γὰρ
2793 3140 2822 3177 2
2832 3140 2864 3196 5

343 3211 635 3285 εἰληφέναι
669 3214 773 3288 μὲν
806 3211 906 3269 τᾶν
934 3208 1067 3268 θεδν
1104 3208 1279 3288 λόγον
1315 3208 1419 3267 καὶ
1444 3206 1674 3286 σφόδρα
1709 3208 1916 3285 φαμέν.
2001 3208 2346 3290 γεγενῆσθαι
2373 3209 2432 3269 δὲ
2467 3208 2764 3289 ἄνθρωπον

340 3306 465 3370 καθ’
488 3306 635 3385 ‘cifis
660 3306 761 3367 mix
788 3304 857 3366 ἅν
882 3330 1023 3365 ποτε
1050 3309 1223 3365 εἰπεῖν
1248 3304 1650 3385 ἅνασχοίμεθα.

411 3458 465 3513 3.
554 3434 790 3518 [Justin.
823 3438 861 3495 l.
886 3456 925 3496 c·
962 3437 1049 3515 (ἔν
1074 3439 1150 3515 τῷ
1179 3434 1323 3496 κατὰ
1347 3434 1749 3514 Ἀπολιναρίου
1775 3434 2022 3517 τετάρτῳ
2051 3432 2246 3518 λόγῳ).
2337 3440 2548 3498 Leont.
2582 3440 2620 3501 l.
2645 3460 2688 3499 c·

974 3538 1105 3594 Act.
1139 3537 1327 3595 Cone.
1361 3536 1480 3596 CP.
1514 3533 1571 3593 ii.
1606 3552 1684 3593 ιν.
1719 3537 1773 3593 8.
1861 3534 1992 3612 Vig.
2028 3532 2109 3615 8].

426 3652 441 3682 ‘
458 3646 525 3707 ‘O
559 3646 672 3726 πρό
701 3646 914 3709 αἰώνων
940 3649 1176 3731 γέγονεν
1206 3646 1292 3707 ἐπ’
1327 3646 1501 3727 ἐσχά-
1679 3650 1823 3708 Hoc
1854 3650 2019 3724 quod
2047 3661 2187 3709 ante
2209 3651 2449 3710 saecula
2467 3658 2592 3709 erat
2614 3648 2758 3709 dicit

339 3749 499 3807 των’·
541 3744 723 3807 πάλιν
754 3746 827 3810 ὥς
862 3750 1027 3807 τινῶν
1056 3744 1378 3807 δεδωκότων
1407 3746 1502 3805 καὶ
1598 3746 1660 3805 in
1695 3746 1918 3806 ultimis
1954 3748 2178 3806 factum
2207 3766 2338 3808 esse
2367 3748 2755 3825 tempofibUS‚

338 3846 507 3903 τοῦτο
550 3842 751 3923 λέγων,
803 3841 1027 3905 οὕδένος
1080 3844 1193 3904 τῶν
1235 3840 1503 3919 εὕσεβεῖν
1595 3852 1809 3917 utpote
1858 3840 2216 3916 quibusdam
2265 3844 2382 3903 hoc
2427 3844 2758 3905 confitenti·
2787 3866 2864 3922 30

338 3937 773 4000 ἐσπουδακότων
824 3936 1033 4014 ταύτην
1080 3937 1363 4015 ἑλομένων
1410 3961 1499 3997 νο-
1596 3939 1747 4013 bus;
1788 3958 1926 3997 cum
1965 3958 2146 3999 nemo
2185 3960 2258 4001 ex
2297 3941 2388 4002 his
2431 3941 2532 4019 qui
2574 3942 2756 4019 pieta-

338 4040 523 4114 σῆσαι
580 4036 685 4113 τήν
744 4036 958 4109 ἄνοιαν,
1021 4036 1173 4097 ὥστε
1231 4036 1332 4097 τόν
1386 4036 1501 4115 πρὸ
1598 4036 1673 4095 tis
1734 4056 1937 4097 curam
2001 4039 2227 4098 habent
2287 4037 2466 4098 istum
2535 4039 2756 4117 patitur

340 4135 557 4197 αἰώνων
609 4136 789 4196 εἰπεῖν
835 4134 923 4196 ἐπ’
965 4133 1229 4215 ἐσχάτων
1273 4138 1501 4217 γεγενῆ-
1596 4138 1874 4196 morbum
1917 4137 2136 4198 habere
2178 4138 2532 4211 dementiae,
2563 4150 2630 4199 ut
2671 4140 2756 4201 di-

338 4236 491 4297 σθαι.
1594 4244 1694 4293 cat
1743 4253 1880 4294 eum
1937 4234 2039 4318 qui
2094 4246 2234 4295 ante
2282 4238 2520 4297 saecula
2559 4248 2650 4299 est
2689 4239 2752 4299 in

1594 4330 1816 4392 ultimis
1856 4334 2078 4394 factum
2119 4354 2260 4395 esse.

928 4471 986 4517 ²4
1023 4456 1254 4505 ἐδίδωσαν
1281 4454 1400 4503 Μαί
1637 4470 1698 4517 27
1733 4455 2050 4516 ἀνασχόμεθα
2072 4458 2191 4505 Mai

1330 4536 1356 4561 ⁴*
1397 4552 1421 4585 2
1450 4536 1565 4585 Cor.
1591 4536 1657 4585 iv.
1693 4535 1766 4586 16.
