3250 5025
544 322 667 398 318
1506 335 1892 388 APPENDIX
1938 340 2003 389 A.

540 505 906 569 inmutabilis
934 507 1185 570 omnino
1215 520 1276 571 et
1302 511 1382 570 ad
1410 512 1722 572 dexteram
1757 515 1976 574 sedens
2014 510 2151 587 Dei,
2183 511 2362 574 iudex
2389 524 2483 576 est
2509 511 2772 576 uniuersi
2799 511 2960 574 orbis

539 615 840 678 terrarum,
871 616 1081 684 utpote
1102 606 1166 665 in
1193 626 1267 669 eo
1296 607 1501 668 diuina
1528 619 1738 670 natura
1762 609 2019 672 faciente
2047 611 2354 672 iudicium.

775 763 864 803 11.
952 741 1111 824 [Act.
1144 746 1330 806 Cone.
1365 747 1487 807 CP.
1518 745 1575 806 ii.
1610 764 1689 809 1v.
1728 767 1798 807 12
1833 745 1897 825 (“
1915 759 1975 808 et
2003 759 2141 826 post
2170 749 2368 827 alia²’).
2445 750 2582 828 Vig.
2620 749 2738 834 12].

660 855 759 916 Sic
789 855 968 934 igitur
1003 867 1065 917 et
1102 857 1217 931 hic,
1249 857 1685 935 sapientissime
1725 860 2013 934 omnium,
2043 863 2266 923 habere
2297 881 2407 922 nos
2437 863 2622 923 doces
2653 863 2960 926 Christum

539 973 781 1013 sensum
808 965 873 1014 ut
902 966 1174 1015 sanctum
1198 956 1483 1034 Spiritum
1512 959 1838 1019 habentem
1862 958 2028 1018 illum
2057 959 2158 1035 qui
2189 979 2398 1020 sensus
2427 960 2670 1021 Christo
2697 959 2962 1037 aliquam

476 1070 506 1128 5
539 1049 817 1111 uirtutem
862 1051 1247 1128 adimplebat,
1296 1053 1676 1130 prudentiam
1711 1055 1765 1114 ei
1803 1065 2108 1132 praestans
2153 1055 2232 1114 ad
2281 1055 2486 1115 omnia
2527 1075 2680 1132 quae
2724 1056 2964 1133 agenda

539 1161 725 1222 erant,
754 1148 908 1208 sicut
935 1159 994 1208 et
1021 1148 1085 1208 in
1111 1150 1606 1224 praecedentibus
1636 1151 2194 1224 demonstrauimuS,
2225 1153 2386 1228 quod
2417 1153 2496 1212 ab
2540 1152 2671 1229 ipso
2713 1152 2962 1230 quidem

538 1247 601 1306 in
630 1267 897 1308 eremum
924 1249 1003 1309 ad
1032 1248 1355 1308 certamina
1381 1269 1535 1326 quae
1559 1261 1766 1309 contra
1784 1249 2094 1310 diabolum
2118 1261 2286 1309 erant
2307 1251 2654 1324 ducebatur,
2673 1248 2964 1310 unctione

539 1357 741 1406 autem
785 1344 940 1405 illius
990 1345 1299 1406 scientiam
1343 1357 1403 1407 et
1451 1346 1573 1407 uim
1606 1367 1810 1408 eorum
1852 1367 2008 1424 quae
2043 1349 2278 1424 agenda
2313 1361 2482 1408 erant
2521 1347 2868 1425 accipiebat,
2899 1358 2963 1409 et

538 1440 697 1500 illius
735 1441 1032 1518 particeps
1071 1444 1263 1502 factus
1302 1461 1427 1502 non
1455 1445 1650 1502 solum
1683 1443 1966 1503 miracula
1993 1443 2268 1516 faciebat,
2299 1444 2410 1503 sed
2439 1443 2616 1503 etiam
2647 1442 2962 1520 quomodo

442 1564 513 1601 10
540 1537 627 1598 uti
655 1540 971 1614 oportebat
998 1538 1295 1599 miraculis
1324 1539 1551 1600 sciebat
1580 1540 1890 1612 subtiliter,
1920 1552 1985 1600 ut
2013 1552 2223 1601 notam
2252 1540 2502 1618 quidem
2529 1543 2750 1602 faceret
2777 1539 2965 1617 genti-

541 1637 653 1695 bus
690 1634 992 1712 pietatem,
1028 1648 1329 1712 pateretur
1364 1647 1565 1696 autem
1609 1637 2004 1698 laborantium
2046 1637 2433 1709 infirmitateS,
2465 1649 2527 1698 et
2559 1639 2647 1699 sic
2686 1640 2765 1699 ad
2793 1641 2966 1700 effec-

540 1743 667 1792 tum
716 1752 887 1792 suam
932 1734 1307 1794 uoluntatem
1348 1736 1631 1794 educeret
1641 1757 1659 1808 ς
1701 1749 1762 1794 et
1803 1734 2232 1795 iustificabatur
2271 1734 2416 1796 inde
2453 1748 2515 1796 et
2541 1736 2962 1797 immaculatus

538 1832 983 1907 ostendebatur,
1035 1831 1161 1891 siue
1215 1831 1591 1908 separatione
1647 1832 1920 1909 peiorum
1968 1831 2098 1894 siue
2141 1832 2418 1894 custodia
2465 1834 2782 1895 meliorum
2830 1833 2962 1894 siue

539 1928 721 1990 etiam
750 1929 1039 2005 paulatim
1067 1931 1147 1990 ad
1176 1929 1423 2021 meliora
1450 1930 1834 2007 profectibus,

716 2077 803 2117 12.
892 2054 968 2138 [F
970 2077 1055 2118 ac.
1086 2056 1163 2116 iii.
1201 2077 1231 2116 2
1268 2056 1417 2137 (“in
1458 2077 1642 2136 opere
1683 2059 1852 2134 quod
1892 2069 2102 2120 contra
2140 2057 2551 2136 Apollinarem
2593 2060 2784 2122 edidit

1512 2156 1689 2217 tertio
1717 2155 1982 2239 libro”)].

438 2287 505 2347 15
661 2265 1055 2326 Manifestum
1099 2276 1190 2326 est
1225 2267 1387 2327 enim
1428 2270 1595 2344 quod
1635 2269 2060 2329 samosatenus
2099 2271 2321 2330 Paulus
2359 2271 2678 2349 episcopus
2708 2269 2958 2346 quidem

538 2365 649 2426 fuit
684 2364 1097 2426 Antiochenae
1126 2365 1411 2427 ecclesiae
1442 2366 1674 2426 domini
1705 2365 1840 2439 Dei,
1871 2378 1932 2426 et
1959 2367 2266 2428 Theodoti
2295 2379 2498 2427 autem
2527 2380 2588 2428 et
2616 2367 2959 2428 Artemonis

540 2481 735 2523 errore
778 2476 1109 2541 aegrotanS,
1140 2465 1244 2542 qui
1276 2484 1491 2543 purum
1541 2464 1850 2527 hominem
1894 2463 2172 2527 dixerunt
2215 2485 2346 2527 esse
2391 2466 2708 2527 dominum
2752 2468 2956 2527 Iesum

538 2560 863 2632 Christum,
910 2581 1034 2621 non
1082 2581 1220 2621 eum
1265 2574 1766 2639 recognoscentes
1810 2566 2010 2623 Deum
2061 2564 2332 2624 Verbum
2387 2576 2448 2625 et
2504 2564 2568 2623 in
2625 2564 2960 2625 substantia

538 2658 776 2735 propria
805 2658 1023 2718 Filium
1054 2658 1173 2718 Dei
1200 2669 1340 2718 ante
1368 2661 1607 2719 saecula
1635 2680 1711 2720 ex
1738 2662 1876 2721 Deo
1906 2662 2082 2721 Patre
2109 2673 2354 2721 aeterno
2389 2672 2710 2721 extantem.

1590 2837 1772 2895 Boox
1817 2852 1896 2893 ιν.

748 2976 797 3015 1.
885 2952 1047 3036 [Fac.
1080 2954 1153 3014 ix.
1187 2975 1226 3028 4
1256 2955 1320 3034 (“
1342 2952 1404 3014 in
1448 2966 1664 3032 quarto
1704 2955 1986 3015 adversus
2026 2953 2436 3033 Apollinarem
2477 2954 2630 3016 libro
2649 2953 2750 3037 '')].

434 3094 509 3132 20
662 3070 969 3147 Quoniam
1001 3081 1206 3130 autem
1244 3081 1303 3130 et
1336 3070 1498 3130 iuxta
1525 3088 1638 3129 nos
1667 3071 1853 3129 homo
1880 3069 2097 3130 dicitur
2125 3088 2197 3129 ex
2223 3067 2424 3129 anima
2453 3082 2514 3131 et
2540 3089 2793 3148 corpore
2821 3092 2964 3133 con-

538 3182 711 3245 stare,
761 3181 821 3230 et
864 3169 1015 3230 duas
1057 3167 1305 3246 quidem
1349 3168 1457 3228 has
1500 3166 1756 3227 dicimus
1795 3177 2051 3239 naturaS,
2092 3166 2354 3227 animam
2399 3178 2458 3227 et
2496 3187 2734 3245 corpuS‚
2769 3189 2957 3230 unum

538 3289 682 3330 uero
725 3266 1035 3328 hominem
1073 3286 1147 3327 ex
1183 3266 1481 3327 ambobus
1529 3265 1965 3342 compositum3
2005 3276 2072 3326 ut
2116 3284 2541 3325 conseruemus
2589 3285 2776 3326 unum
2826 3287 2958 3329 esse

536 3380 873 3444 utrumque,
913 3376 1151 3443 oportet
1179 3364 1549 3425 confundere
1577 3376 1818 3423 naturas
1848 3373 1907 3423 et
1936 3374 2418 3424 reconuertentes
2446 3362 2644 3424 dicere
2672 3365 2956 3441 quoniam

538 3464 739 3525 anima
766 3483 905 3523 caro
935 3473 1025 3523 est
1052 3472 1113 3523 et
1140 3481 1279 3523 caro
1306 3461 1540 3522 anima?
1580 3472 1641 3523 et
1669 3460 1953 3537 quoniam
1981 3461 2084 3521 illa
2109 3460 2354 3538 quidem
2395 3461 2724 3523 inmortalis
2765 3474 2858 3523 est
2897 3476 2959 3525 et

436 3586 507 3644 25
540 3562 857 3637 rationaIiS,
912 3580 1051 3621 caro
1099 3580 1242 3620 uero
1298 3558 1564 3621 mortalis
1612 3570 1675 3619 et
1729 3557 2116 3633 inrationalis,
2159 3570 2644 3621 reconuertentes
2687 3560 2958 3622 dicamus

540 3660 681 3737 quia
728 3656 1057 3719 inmortalis
1106 3666 1197 3717 est
1232 3656 1507 3717 'mortalis
1557 3668 1615 3717 et
1659 3656 2028 3717 inrationalis
2075 3654 2424 3716 rationalis?
2485 3657 2594 3716 sed
2641 3677 2838 3735 neque
2883 3678 2957 3719 ex

538 3756 742 3817 diuina
757 3754 1055 3832 ‘scriptura
1083 3756 1199 3813 hoc
1228 3753 1429 3814 edocti
1466 3771 1685 3827 sumuS,
1720 3772 1757 3813 o
1787 3751 2222 3829 sapientissime
2256 3750 2542 3827 omnium,
2575 3772 2770 3830 neque
2803 3754 2955 3816 alius

493 3846 501 3853 ’
538 3852 852 3931 quisquam
883 3852 997 3911 hoc
1027 3850 1171 3911 dicit
1199 3870 1395 3927 neque
1423 3848 1485 3908 in
1517 3849 1876 3909 hodiernum
1915 3850 2076 3909 diem
2115 3867 2322 3909 eorum
2362 3848 2464 3925 qui
2501 3868 2712 3908 sanam
2751 3850 2956 3911 huma-

539 3971 679 4010 nam
721 3950 945 4009 habent
986 3960 1268 4019 mentem,
1311 3958 1546 4024 praeter
1586 3965 1697 4005 uos
1740 3946 1842 4023 qui
1884 3965 1992 4023 per
2033 3944 2235 4005 omnia
2276 3945 2418 4006 estis
2457 3946 2768 4007 dementes
2787 3968 2806 4020 3
2850 3948 2955 4026 qui

434 4073 513 4130 30
539 4044 1048 4124 dispensationem
1076 4062 1231 4120 quae
1259 4054 1503 4120 propter
1531 4062 1645 4102 nos
1671 4042 1825 4101 facta
1854 4054 1945 4102 est
1972 4042 2306 4101 auferentes
2335 4042 2640 4101 ablatione
2667 4043 2952 4121 adsump-

540 4143 718 4204 tionis
756 4141 994 4214 mentiS,
1024 4140 1086 4199 in
1127 4139 1317 4217 ipsam
1362 4151 1628 4199 mentem
1672 4136 1960 4199 iudicium
2001 4136 2326 4215 recepistiS,
2359 4140 2539 4199 totius
2577 4138 2955 4217 insipientiae

589 4332 592 4334 ,
638 4288 665 4337 3
700 4272 1118 4336 sapientissimum
1154 4271 1205 4320 V
1224 4268 1231 4333 Ι
1260 4270 1447 4319 Christi
1475 4270 1581 4319 CV
1701 4286 1732 4329 4
1753 4269 1997 4319 habentes
2025 4269 2070 4317 C
2093 4268 2100 4333 Ι
2131 4269 2294 4318 sensui
2319 4269 2505 4319 Christi
2539 4270 2590 4319 V
2711 4284 2739 4333 5
2775 4272 2882 4321 eius
2917 4274 2961 4322 V

541 4368 567 4419 7
602 4352 891 4403 unctionem
927 4353 976 4401 V
1128 4366 1187 4414 13
1221 4350 1532 4415 reparatione
1566 4352 1617 4401 V
1755 4364 1815 4413 25
1851 4350 2129 4400 diceremus
2151 4350 2255 4399 edd.
2419 4366 2480 4414 30
2501 4351 2568 4400 ab
2591 4350 2818 4402 oratione
2841 4354 2958 4418 (sor

537 4436 637 4488 auf.
664 4435 787 4493 abl.)
812 4434 917 4482 edd.
