3250 5025
531 367 650 431 182

1203 380 1663 435 THEODORUS
1710 381 2299 436 MOPSUESTENUS

2510 431 2519 440 .
2650 370 2807 458 [VI.
2849 389 2947 440 12.

639 555 656 583 ‘
675 571 832 634 erga
853 547 980 616 ista
1009 551 1525 618 sollicitudinem
1559 554 1826 638 (inquit)
1860 545 2285 639 expendere!
2310 563 2380 620 et
2410 558 2727 641 quoniam
2760 554 2950 624 labor

523 663 625 721 est
656 657 1065 722 necessarius
1101 656 1232 722 illis
1261 659 1377 742 qui
1407 659 1727 724 uirtutem
1758 660 2003 743 exequi
2034 659 2441 736 adnituntur,
2474 661 2757 728 adiecit:

651 843 822 899 certa
851 833 1084 900 bonum
1113 843 1428 910 cergamen
1439 835 1631 919 fidei.

655 961 1025 1026 necessarie·
1074 963 1279 1029 adicit
1332 965 1565 1031 bonum
1612 975 1929 1032 certamen
1976 964 2087 1031 uel
2138 985 2465 1050 agonems
2500 974 2578 1031 ut
2618 963 2748 1031 hoc
2792 967 2941 1032 loco

458 1074 490 1142 5
523 1063 630 1129 uel
663 1065 960 1130 maxime
1001 1068 1315 1132 ostendat
1353 1071 1536 1152 quod
1579 1071 1984 1135 necessarius
2022 1071 2109 1134 sit
2154 1069 2345 1133 labor
2382 1069 2631 1134 talibus
2671 1072 2785 1154 qui
2817 1092 2942 1153 pro

523 1169 754 1232 multis
807 1171 1212 1253 expenditur
1251 1171 1463 1238 bonis.
1551 1174 1797 1239 deinde
1843 1173 2091 1240 laboris
2144 1175 2353 1260 ipsius
2400 1176 2584 1242 lucra
2631 1177 2939 1259 pandens

521 1274 765 1338 adiecit
785 1297 802 1338 ε

650 1443 1043 1540 adprehende
1073 1443 1342 1530 (inquit)
1375 1444 1588 1510 uitam
1619 1455 1964 1510 aeternam.

651 1577 668 1606 ⁶
691 1571 1127 1636 certaminum
1167 1580 1392 1637 autem
1435 1573 1540 1638 uel
1588 1594 1883 1658 agonum
1914 1573 2155 1639 horum
2198 1595 2449 1662 merces
2490 1576 2633 1641 uita
2663 1571 2936 1642 aeterna

416 1691 495 1739 10
519 1675 659 1739 est!
726 1676 967 1760 quibus
996 1675 1244 1760 poterit
1274 1696 1426 1742 eam
1460 1677 1737 1761 adsequi
1770 1686 1840 1742 et
1868 1679 2159 1743 suadens
2190 1680 2250 1743 ei
2282 1687 2356 1745 ut
2386 1680 2473 1745 de
2502 1679 2605 1745 his
2636 1681 2935 1746 studiose
2980 1765 2986 1770 ᾖ

519 1790 678 1864 agat
704 1805 721 1845 ε

650 1943 720 2007 in
749 1963 888 2036 qua*
917 1942 1061 2029 (ait)
1095 1927 1356 2010 docatus
1382 1967 1448 2010 es
1473 1955 1540 2012 et
1562 1947 1705 2032 c0n[
1713 1947 1941 2032 fessus
1966 1969 2033 2012 es
2062 1948 2293 2014 bonam
2321 1945 2458 2032 con]
2464 1946 2834 2031 sessionem.

653 2073 778 2138 ‘ob
824 2074 996 2139 hanc
1045 2076 1222 2140 enim
1273 2085 1360 2150 et,
1391 2078 1729 2143 credidisti
1785 2079 1940 2163 (hoc
1992 2081 2170 2144 enim
2219 2080 2381 2144 dicit
2428 2079 2762 2162 uocatus);
2842 2077 2935 2142 ob

481 2171 488 2176 ’
515 2177 692 2241 hanc
721 2179 1144 2243 uocationem
1173 2180 1516 2245 consessus
1547 2202 1619 2244 es
1652 2183 2076 2266 pietatem—’
2108 2193 2183 2248 ut
2212 2183 2393 2248 dicat
2424 2185 2741 2266 quoniam
2776 2187 2793 2216 ‘
2811 2202 2935 2266 pro

411 2302 482 2368 15
515 2283 641 2348 hac
673 2304 925 2366 passus
979 2281 1086 2346 es?

1176 2297 1334 2354 nam
1383 2285 1566 2368 quod
1620 2285 1799 2350 dixit
1842 2287 2166 2369 consessus
2212 2308 2298 2365 es,
2334 2286 2462 2350 hoc
2510 2296 2628 2364 est,
2662 2293 2933 2368 ‘passus

515 2411 585 2453 es
609 2389 624 2416 ⁹
673 2389 852 2452 dicit.
941 2387 1119 2451 unde
1161 2395 1230 2451 et
1267 2387 1420 2470 plus
1461 2408 1615 2452 eum
1657 2387 2024 2453 adhortans
2061 2398 2139 2455 ut
2178 2410 2301 2472 pro
2336 2388 2517 2454 hisce
2558 2391 2754 2455 rebus
2790 2409 2931 2453 sus-

513 2495 727 2559 tineat
757 2491 1077 2570 laborem,
1107 2492 1352 2558 adiecit
1383 2518 1399 2559 ε

616 2693 637 2730 1
675 2679 822 2729 istam
844 2680 913 2729 H
929 2676 938 2745 Ι
966 2678 1198 2744 expende
1224 2679 1267 2728 C
1290 2680 1434 2741 (corr)
1459 2693 1493 2726 r

511 2759 790 2809 necessario
816 2760 864 2809 C
1119 2772 1150 2820 5
1183 2758 1400 2807 ostendit
1422 2772 1456 2807 r

517 2856 576 2891 10
609 2856 722 2889 eam
743 2838 952 2904 adsequi
971 2854 1050 2889 om
1078 2839 1121 2888 C
1139 2839 1209 2888 H

515 3002 632 3067 (for
649 3002 806 3067 quod)
833 3000 914 3051 θ’
1083 3000 1142 3052 16
1175 3000 1446 3051 adhortens
1469 3000 1564 3051 H*

527 3180 532 3185 ·
583 3183 626 3218 1.
679 3167 963 3232 expendere]
1029 3166 1128 3219 See
1165 3182 1250 3217 vv-
1283 3166 1359 3226 n„
1393 3167 1494 3218 and
1527 3166 1592 3218 ef.
1630 3178 1669 3219 ι.

511 3266 563 3315 p.
589 3263 700 3315 307,
730 3250 766 3299 1.
795 3264 836 3310 1,
865 3258 1003 3318 note.

577 3351 626 3395 4.
697 3338 942 3381 certamen
972 3332 1058 3381 uel
1084 3329 1312 3396 agmtem]
1393 3330 1476 3382 Cf.
1510 3331 1668 3396 infra,

513 3413 547 3463 1.
584 3426 631 3475 9,
669 3412 772 3462 and
807 3428 874 3462 on
915 3428 941 3462 2
983 3412 1117 3464 Tim.
1155 3412 1208 3463 ii.
1246 3426 1274 3477 5
1295 3430 1314 3475 3
1357 3413 1459 3462 and
1496 3428 1582 3463 see
1628 3425 1664 3464 1.

513 3510 564 3561 p.
593 3498 703 3556 282,
732 3496 767 3545 1.
795 3506 840 3555 7,
867 3502 1004 3545 note.

586 3592 660 3627 ιο.
715 3576 890 3641 quibus
902 3583 960 3639 p.
983 3591 1092 3625 eam
1113 3574 1334 3641 adsequi]
1389 3576 1533 3625 Even
1549 3575 1674 3625 with

513 3660 600 3710 the
622 3660 851 3709 addition
875 3658 1021 3723 (from
1053 3659 1203 3724 Rab.)
1236 3659 1296 3709 os
1320 3660 1406 3709 the
1438 3660 1535 3711 last
1569 3668 1673 3710 two

514 3742 694 3801 words,
721 3742 884 3791 ’there
927 3741 970 3791 is
1015 3740 1166 3790 much
1206 3741 1575 3792 awkwardness
1617 3742 1673 3793 in

513 3821 614 3871 this
649 3828 898 3871 sentence.
981 3821 1007 3870 1
1043 3837 1126 3870 am
1160 3821 1397 3886 disposed
1436 3828 1491 3872 to
1526 3822 1671 3872 think

515 3903 624 3951 that
662 3903 861 3966 quibus,
901 3902 992 3951 &c-
1029 3900 1293 3966 originally
1328 3902 1578 3966 belonged
1619 3908 1673 3951 to

515 3999 546 4032 a
595 3984 825 4047 previous
873 3990 1123 4045 sentence,
1173 3983 1275 4033 and
1317 3983 1428 4033 that
1469 3990 1572 4033 two
1615 4000 1675 4033 or

516 4067 656 4115 three
678 4068 842 4115 words
864 4067 993 4117 have
1011 4067 1162 4116 fallen
1184 4073 1270 4116 out
1289 4066 1458 4116 before
1480 4082 1535 4117 as
1556 4066 1675 4116 well

516 4162 572 4196 as
598 4147 723 4196 aster
749 4162 833 4211 qu.
860 4156 918 4211 p.
986 4148 1098 4197 The
1121 4148 1387 4197 translator
1406 4162 1524 4213 may
1543 4147 1675 4199 have

517 4228 744 4277 written:
783 4232 814 4255 ‘⁸
832 4232 917 4277 ‘tu
941 4244 1076 4293 erge,
1103 4230 1256 4279 homo
1280 4230 1394 4287 Dei,
1413 4238 1552 4279 utere
1574 4230 1675 4280 illis

517 4308 696 4372 quibus
713 4307 900 4371 poteris
917 4323 1028 4357 eam
1045 4309 1286 4373 adsequi.'
1342 4315 1391 4359 et
1409 4308 1673 4370 suadens,”

518 4390 608 4439 &m

587 4482 662 4517 1².
729 4470 970 4534 confessus
1023 4485 1068 4519 es
1115 4470 1308 4531 bonam,
1359 4470 1475 4533 διο-1
1561 4470 1673 4522 The

1726 2757 1761 2809 6
1791 2759 1940 2809 labiis
1960 2760 2075 2823 (for
2092 2760 2295 2821 laboris)
2319 2760 2390 2809 H

1472 2852 1528 2887 ιο
1565 2838 1671 2903 agit
1698 2840 1813 2904 (jor
1832 2840 1921 2902 ait)
1950 2839 2027 2889 C*
2056 2840 2065 2903 Ι
2096 2839 2347 2913 confessus
2368 2856 2423 2891 es
2444 2841 2629 2891 bonam
2652 2858 2729 2890 om
2756 2842 2801 2889 C
2821 2842 2889 2890 H
2900 2858 2931 2891 r

517 2937 575 2984 13
611 2922 664 2969 in
685 2936 786 2985 qua
805 2936 853 2970 u.
884 2935 938 2969 es
959 2928 1011 2969 et
1032 2918 1288 2969 confessus
1309 2919 1362 2967 b.
1385 2919 1749 2970 consessionem
1775 2919 1871 2984 (ast
1898 2921 2125 2981 uocatus)
2153 2921 2258 2970 add
2280 2937 2314 2971 r

1736 3015 1792 3067 17
1826 3001 1983 3051 adicit
2011 3002 2055 3052 C
2072 3018 2106 3052 r

1784 2694 1812 2730 2
1846 2680 2055 2730 uirtutes
2078 2680 2145 2730 H
2158 2678 2303 2745 (corr)
2332 2678 2341 2741 Ι
2371 2682 2523 2732 adicit
2551 2684 2599 2733 C
2897 2701 2930 2748 4

2650 2774 2677 2825 7
2710 2761 2865 2811 adicit
2892 2764 2937 2812 C

2588 2937 2646 2985 15
2680 2928 2930 2987 quotquot

1770 3168 1925 3219 MSS.
1954 3182 2043 3218 are
2060 3168 2211 3233 again
2233 3176 2283 3219 at
2304 3167 2465 3230 faultg
2498 3168 2564 3218 cf.
2588 3169 2643 3220 11.
2674 3183 2747 3232 14,
2780 3182 2855 3234 15.

1843 3265 1919 3313 13.
1974 3250 2219 3301 hocenim
2246 3251 2296 3301 d.
2336 3251 2616 3313 ‘uocatus-’1
2682 3253 2753 3303 So
2776 3252 2929 3305 Oce-2

1772 3332 1867 3381 ras
1887 3331 1985 3393 ’γὰρ
2011 3332 2082 3380 εἰς
2112 3332 2376 3393 βάπτισμα
2407 3333 2677 3394 ἐρχόμενος,
2717 3334 2783 3382 εἰς
2814 3334 2937 3382 ταῦ»
3046 3320 3052 3325 ’

1770 3431 1861 3473 την
1894 3410 2006 3476 [τὴν
2036 3412 2226 3463 αἰώνιον
2254 3410 2399 3476 ζωὴν]
2422 3415 2659 3465 καλεῖται.
2730 3415 2809 3467 Cf.
2847 3432 2929 3466 su-

1764 3503 1866 3559 pra
1887 3512 1952 3545 on
1979 3495 2109 3546 Phil.
2133 3496 2205 3545 iii.
2236 3510 2310 3560 14,
2343 3511 2364 3546 ι
2391 3497 2526 3545 Tim.
2549 3496 2621 3546 iii.
2645 3495 2693 3545 6.

1843 3592 1917 3640 14.
1963 3584 2063 3640 pro
2082 3576 2367 3641 kacpassus
2386 3577 2453 3638 es]
2521 3578 2593 3627 So
2616 3577 2805 3641 Thpht.
2831 3574 2931 3642 (1)=

1772 3654 1984 3707 ἐνταῦθα
2010 3656 2156 3707 αὐτοῦ
2186 3657 2277 3719 τὴν
2311 3661 2583 3722 παρρησίαν
2617 3662 2697 3709 καὶ
2728 3658 2818 3721 τὴν
2852 3658 2930 3710 ἄν·

1774 3739 1935 3801 &petav
1958 3738 2157 3798 ἐπαινεῖ,
2193 3739 2247 3787 ἐν
2278 3740 2504 3788 κινδύνοις
2536 3738 2933 3802 ὁμολογήσαντος

1772 3820 1858 3868 τὸν
1890 3820 2121 3883 Χριστόν.
2188 3820 2335 3870 More
2374 3819 2676 3884 commonly,
2720 3820 2807 3869 the
2843 3836 2928 3886 pa·

1772 3902 1933 3951 tristic
1975 3902 2293 3965 interpretem
2337 3901 2465 3951 refer
2517 3899 2836 3965 ὦμολογῆσας
2873 3918 2929 3953 as

1772 3983 1965 4033 wellas
1998 3983 2201 4043 ἐκλήθης
2232 3990 2289 4033 to
2321 3984 2408 4033 the
2440 3984 2709 4048 baptismal
2742 3983 2929 4049 profes-

1772 4065 1883 4114 sion
1901 4082 1917 4126 3
1951 4081 2009 4115 so
2029 4066 2219 4129 Thpht.
2250 4066 2342 4127 (ο),
2366 4065 2466 4114 and
2494 4065 2640 4115 Oec.:
2672 4064 2762 4124 τὴν
2785 4066 2837 4114 ἑν
2861 4062 2933 4126 τῷ

1772 4147 2079 4210 βαπτίσματι
2118 4148 2270 4208 λέγει,
2312 4146 2433 4196 ὅταν
2473 4142 2781 4207 ὁμολογῶμεν
2813 4144 2929 4195 ἄτο-

1773 4230 2044 4277 τάσσεσθαι
2076 4230 2165 4288 μὲν
2199 4226 2275 4290 τῷ
2302 4230 2531 4291 διαβόλῳ,
2569 4226 2933 4278 cvm-decedat

1774 4309 1827 4357 δὲ
1848 4310 1927 4357 καὶ
1950 4310 2195 4357 πιστεύειν
2216 4310 2287 4369 τῷ
2313 4305 2525 4371 Χριστῷ.
2591 4308 2714 4357 And
2738 4308 2933 4372 Pelag.=

1775 4390 1875 4439 “in
1906 4390 2174 4455 baptism0‚
2209 4390 2610 4442 abrenuntiando
2644 4391 2843 4442 saeculo
2880 4398 2932 4443 et

1775 4473 1973 4538 pompis
1995 4470 2152 4522 eius.’'
