3250 5025
2481 397 2602 483 [11.
2636 397 2909 481 24—26.

497 407 533 457 2
546 412 569 459 1
582 412 623 459 2
1164 402 1619 465 THEODORUS
1667 410 2154 465 MOPSUESTEN
2164 412 2253 464 US

496 578 963 663 adnascuntur,
1011 602 1294 668 quorum
1348 604 1472 649 nec
1519 591 1701 650 recta
1745 592 1848 649 est
1899 583 2220 649 intentio.'
2311 591 2380 649 et
2431 584 2590 667 quia
2636 596 2741 649 res
2785 586 2913 649 ista

496 706 619 749 nec
650 688 1004 753 conueniat
1034 708 1158 753 nec
1187 687 1423 752 deceat
1452 687 1513 752 ei
1544 688 1875 753 ostendit:

625 860 886 903 seruum
922 840 1184 926 (inquit)
1216 840 1496 906 Domini
1522 861 1648 905 non
1679 850 1914 924 oportet
1940 839 2217 922 litigare.

624 984 868 1050 deinde
912 993 982 1049 et
1027 984 1305 1049 modum
1349 985 1441 1048 illi
1484 1004 1833 1069 exponens
1880 981 2222 1068 quomodo
2271 980 2518 1046 debeat
2570 980 2915 1046 doctrinae

427 1094 459 1163 5
494 1086 871 1152 intendere:

620 1242 742 1305 sed
784 1240 1137 1305 modestum
1185 1262 1313 1306 esse
1356 1242 1455 1306 ad
1493 1261 1722 1318 omnes,
1777 1238 2126 1317 docibilem,
2175 1257 2302 1300 non
2347 1235 2726 1321 litigiosum,
2765 1258 2911 1301 cum

490 1341 802 1407 modestia
830 1342 1143 1407 docentem
1172 1365 1273 1407 eos
1299 1344 1420 1427 qui
1445 1343 1756 1407 resistunt
1783 1340 2068 1407 ueritati.

620 1478 690 1533 et
736 1468 1095 1534 utilitatem
1135 1468 1342 1554 ipsius
1383 1469 1476 1534 rei
1517 1469 1882 1535 ostendens
1919 1477 1987 1533 et
2028 1474 2356 1551 quantum
2403 1466 2639 1531 melius
2686 1468 2774 1531 sit
2818 1466 2912 1531 sic

490 1570 729 1636 docere
761 1572 1159 1653 resistentes,
1192 1573 1477 1637 adiecit:

385 1724 464 1775 10
620 1741 702 1784 ne
730 1721 987 1804 quando
1023 1720 1131 1787 det
1169 1722 1261 1786 eis
1298 1724 1480 1788 Deus
1513 1721 1972 1806 poenitentiam
2011 1722 2111 1785 ad
2140 1720 2557 1804 cognitionem
2589 1719 2911 1799 ueritatis,

487 1834 553 1887 et
578 1824 954 1908 resipis-cant
992 1846 1036 1889 a
1070 1824 1317 1891 diaboli
1340 1826 1600 1910 laquelle,
1641 1838 1686 1891 a
1732 1846 1854 1909 quo
1894 1826 2070 1909 capti
2106 1834 2404 1891 tenentur
2437 1828 2522 1891 ab
2556 1846 2626 1890 eo
2672 1826 2742 1890 in
2771 1826 2911 1890 eius

490 1927 833 1992 uoluntate.

620 2072 710 2117 ex
761 2056 1190 2119 contentione
1238 2062 1464 2119 autem
1526 2052 1774 2137 placari
1834 2052 2254 2117 aduersarios
2315 2052 2702 2135 inpossibile
2762 2062 2909 2128 est;

488 2156 789 2221 doctrina
865 2176 1022 2222 uero
1082 2158 1594 2222 mansuetudine
1654 2156 1940 2240 probata
1998 2177 2201 2240 saepe
2276 2158 2401 2221 scit
2482 2158 2764 2221 suadere
2841 2164 2912 2220 et

384 2267 454 2335 15
488 2260 799 2326 duritiam
854 2262 1057 2327 animi
1120 2262 1395 2328 mollire.
1485 2270 1841 2345 praeparat
1901 2261 2079 2325 enim
2141 2268 2216 2325 ut
2277 2271 2346 2326 et
2405 2261 2492 2324 ad
2553 2261 2907 2325 ueritatem

484 2367 854 2450 perspicere
882 2368 1159 2450 possint,
1189 2367 1608 2431 discedentes
1639 2386 1680 2429 a
1711 2364 2277 2447 praesumptione,
2311 2385 2352 2427 a
2382 2385 2516 2447 qua
2553 2373 2623 2429 et
2669 2365 2907 2428 antici-

488 2469 629 2552 pati
690 2470 878 2554 quasi
932 2472 1225 2556 quodam
1281 2470 1521 2554 laqueo
1584 2468 1920 2534 diabolico
1971 2468 2312 2533 constricti
2373 2477 2700 2544 tenentur,
2753 2489 2903 2551 pro-

486 2580 775 2638 tractum
806 2574 1078 2657 quidem
1110 2575 1178 2637 in
1209 2573 1516 2650 deterius,
1546 2572 2021 2636 correctionem
2056 2591 2214 2635 uero
2256 2571 2324 2633 in
2367 2569 2605 2633 melius
2648 2569 2905 2633 nullam

1455 2755 1483 2790 ἰ
1526 2755 1642 2790 eum
1672 2756 1706 2789 r
1931 2753 1959 2802 5
2003 2737 2076 2788 ait
2110 2737 2223 2801 (ast
2250 2735 2466 2795 intend.)
2492 2734 2598 2784 add
2621 2749 2653 2783 r
2875 2734 2906 2782 8

1502 2837 1580 2871 om
1613 2822 1683 2871 Η
1697 2819 1707 2880 Ι
1737 2818 1889 2870 adicit
1913 2835 1946 2868 r
2165 2834 2225 2869 10
2255 2816 2563 2882 agnitionem
2596 2831 2630 2865 r
2847 2831 2900 2865 ιι

2146 2915 2203 2964 13
2237 2897 2534 2949 aduersariis
2556 2915 2589 2946 r
2611 2897 2622 2962 1
2651 2903 2726 2947 est
2747 2911 2825 2946 om
2848 2897 2913 2946 Η

2465 2991 2521 3043 17
2555 2979 2699 3046 quasi
2735 2995 2814 3029 om
2850 2981 2914 3030 H

590 2758 611 2792 ι
650 2757 779 2806 quae
802 2742 919 2807 (for
937 2739 1075 2807 quia)
1108 2742 1238 2792 CH

485 2829 675 2886 quanto
711 2824 756 2872 C
775 2840 806 2871 r
1016 2837 1048 2886 9
1079 2823 1309 2874 sistentes
1348 2821 1392 2871 C
1403 2820 1467 2871 ἐ

482 2903 671 2969 captiui
694 2901 759 2968 νΙ
790 2911 1085 2954 tenenentur
1107 2897 1209 2966 (sic)
1240 2905 1282 2952 C
1471 2919 1527 2954 12
1562 2903 1874 2952 uoluntatem
1897 2902 1967 2951 Η

490 3001 546 3046 14
583 2985 636 3035 in
674 2985 783 3050 (bes
802 2985 985 3051 mans.)
1022 2987 1128 3035 add
1157 2986 1225 3036 Η
1458 2999 1514 3049 15
1549 2992 1604 3036 ut
1643 3000 1748 3034 uer.
1790 2983 2074 3049 prospicere
2107 2998 2160 3048 p.
2203 2982 2230 3030 l

492 3066 549 3114 18
582 3065 787 3132 quidem
812 3065 908 3130 (aft
928 3069 1257 3132 protractum)
1278 3083 1355 3119 om
1384 3067 1428 3117 C
1452 3065 1461 3132 Ι
1490 3067 1800 3118 correctione
1821 3066 1889 3116 Η

549 3213 597 3264 6.
666 3214 953 3279 modestum]
1019 3217 1089 3268 So
1128 3217 1302 3268 Sedul.
1334 3217 1503 3278 Scot.;
1555 3218 1643 3268 the
1742 3218 2011 3283 generally,
2047 3221 2080 3246 ‘⁸
2095 3217 2159 3267 ad
2173 3213 2572 3281 cognoscendam
2589 3209 2904 3264 ueritatem.”

482 3294 628 3346 other
650 3293 801 3346 Latin
822 3295 1113 3349 authorities
1134 3300 1263 3350 have
1286 3305 1316 3328 ‘⁸
1333 3299 1506 3350 mitein
1522 3300 1553 3323 ’²
1583 3316 1643 3350 or

484 3381 516 3404 “
532 3377 895 3427 mansuetum.''
949 3378 1030 3429 cf.
1060 3393 1080 3428 1
1108 3380 1285 3432 Thess.
1305 3379 1357 3431 ii.
1376 3393 1402 3445 7
1422 3383 1632 3446 (supra).

482 3459 602 3508 Non
639 3461 909 3526 litigiosum
950 3459 1286 3529 (dveelxaxovk
1345 3465 1493 3515 Latin
1532 3481 1640 3515 ver·

480 3539 631 3601 sionS,
662 3545 693 3568 “
710 3542 1031 3605 patientem.’'
1101 3545 1163 3594 In
1192 3561 1212 3594 1
1240 3545 1371 3595 Tim.
1401 3545 1471 3595 iii.
1497 3559 1525 3608 3
1550 3561 1643 3596 our

480 3617 749 3668 translator
781 3620 1007 3684 employs
1040 3637 1141 3670 non
1174 3621 1441 3686 litigiosum
1473 3629 1529 3672 to
1564 3639 1638 3672 re-

480 3705 679 3761 present
702 3699 909 3761 ἄμαχον.
957 3701 1069 3764 Just
1092 3700 1279 3759 before,
1303 3702 1356 3751 in
1378 3717 1409 3752 a
1430 3703 1639 3753 citation

480 3779 540 3829 os
561 3780 647 3830 the
682 3789 881 3845 present
918 3799 1140 3848 passage,
1179 3785 1245 3834 he
1275 3785 1367 3834 has
1396 3785 1638 3836 rendered

480 3862 654 3922 ἀνεξὶκ.
677 3863 746 3927 by
763 3879 863 3912 nem
886 3865 1215 3914 recordantem
1238 3866 1483 3916 malitiam
1498 3881 1522 3924 ;
1554 3883 1639 3918 see

478 3943 709 3994 however
732 3945 818 3995 the
840 3953 958 3996 note
981 3962 1047 3996 on
1070 3963 1121 4012 p.
1148 3963 1253 4012 109,
1283 3949 1316 3997 1.
1340 3963 1398 3998 22
1426 3950 1636 4012 (supra).

481 4025 743 4074 Doccntem
768 4026 1091 4087 (παιδεύοντα,
1120 4027 1185 4077 cf.
1207 4029 1478 4078 indoctas:
1492 4031 1638 4078 ἀπαι-

479 4108 682 4167 δεύτους,
722 4123 772 4157 ν.
812 4110 925 4173 23);
970 4110 1119 4160 Latin
1159 4111 1395 4172 versionS,
1442 4113 1637 4164 “corri-

477 4186 757 4251 pientem.”

546 4273 595 4320 8.
660 4279 908 4335 quantum
943 4275 1141 4338 melius]
1198 4277 1285 4326 Cf.
1308 4294 1387 4328 w.
1416 4277 1502 4337 11.;
1538 4279 1639 4328 and

476 4365 561 4400 see
584 4351 782 4416 Bensly,
812 4355 890 4404 M.
918 4357 976 4405 F.
1008 4371 1095 4420 pp.
1122 4355 1199 4418 62,
1228 4361 1308 4422 87.

549 4447 624 4482 10.
680 4435 753 4482 ad
784 4451 919 4500 cogn.
957 4439 1207 4501 ueritatis]
1275 4439 1347 4489 So
1385 4440 1522 4501 Gk.;
1570 4441 1634 4491 cs.

476 4516 745 4575 Ambrstr„
770 4522 801 4544 ‘⁶
817 4519 881 4568 nd
905 4535 1019 4583 agn.
1038 4519 1177 4570 uer.'’
1243 4522 1393 4572 Latin
1414 4524 1636 4574 versions

1815 3315 1890 3350 11.
1945 3315 1978 3349 a
1999 3315 2108 3364 quo,
2133 3297 2248 3360 &c.]
2291 3296 2375 3347 Cf.
2395 3297 2671 3346 Ambrstr.:
2701 3299 2780 3344 “a
2801 3309 2903 3358 quo

1743 3387 1973 3432 tenentur
2006 3381 2143 3446 capti
2181 3380 2248 3429 ab
2285 3395 2348 3429 eo
2379 3379 2443 3428 ad
2483 3377 2638 3442 ipsius
2672 3376 2900 3426 uolunta-

1741 3463 1895 3514 tem.”
1959 3463 2071 3513 The
2107 3463 2257 3528 Vulg.
2295 3463 2440 3512 reads
2475 3465 2507 3488 ‘⁸
2523 3457 2766 3525 captiui,’'
2799 3457 2902 3507 and

1739 3543 1917 3608 rejects
1938 3543 2000 3592 ab
2020 3559 2084 3592 eo.
2149 3542 2248 3592 Th.
2275 3540 2549 3600 doubtlesS,
2579 3538 2700 3588 with
2723 3537 2792 3586 all
2813 3537 2901 3586 the

1741 3625 1910 3675 Greek
1936 3624 2228 3675 authorities
2261 3622 2339 3688 (F,
2370 3623 2418 3672 G
2446 3637 2531 3671 are
2564 3619 2784 3684 scarcely
2817 3635 2900 3670 ex·

1738 3703 1998 3769 ceptions)‚
2035 3706 2154 3756 read
2188 3705 2509 3769 ἐζωγρημένοι
2539 3698 2616 3750 ὑπ’
2652 3696 2804 3751 αὑτοῦ
2835 3701 2901 3751 εἰς

1737 3792 1795 3840 τὸ
1833 3791 2015 3840 ἐκείνου
2058 3789 2262 3849 θέλημα.
2349 3787 2434 3835 He
2473 3801 2633 3835 seems
2672 3790 2727 3834 to
2771 3784 2900 3834 have

1739 3871 2044 3921 understood
2089 3871 2174 3920 the
2209 3874 2444 3918 sentence
2477 3883 2533 3916 as
2573 3865 2720 3916 Oce-2
2761 3882 2902 3914 τουτ-

1738 3956 1885 4015 έστιν,
1905 3951 1969 4015 τῇ
1991 3951 2150 4013 πλάνῃ
2173 3951 2493 4010 ἐνειλημμένοι
2518 3950 2596 3997 καὶ
2621 3949 2902 3997 ἀποκεκλει-

1739 4037 1904 4096 σμένοι
1929 4035 1993 4085 εἰς
2013 4036 2071 4084 τὸ
2093 4031 2180 4083 τοῦ
2199 4029 2432 4096 διαβόλου
2454 4032 2659 4090 θέλημα.

1811 4131 1887 4181 15.
1945 4124 2004 4166 ut
2022 4124 2068 4166 et
2085 4117 2160 4166 ad
2175 4116 2451 4174 ueritatem,
2471 4112 2590 4175 &c.]
2629 4111 2900 4162 Lansranc:

1741 4199 1840 4249 “id
1864 4205 1954 4258 est,
1982 4205 2036 4248 ut
2061 4197 2321 4247 ueritatem
2345 4195 2628 4260 prospicere
2651 4191 2901 4260 possint.'’

1811 4291 1886 4341 17.
1931 4277 2269 4344 protractum]
2327 4277 2433 4340 Lq.
2458 4282 2767 4340 prouectum,
2785 4291 2900 4337 τρο-

1738 4361 1906 4421 κοπήν.
1973 4360 2253 4410 Preti-actio
2297 4373 2469 4408 occurs
2524 4356 2576 4406 in
2618 4355 2900 4420 Justinian3

1727 4451 2016 4510 protractus
2046 4445 2090 4494 is
2122 4443 2254 4494 cited
2291 4443 2359 4507 by
2395 4441 2481 4490 the
2509 4439 2641 4489 lexx.
2672 4438 2800 4488 from
2833 4453 2900 4487 an

1737 4525 2043 4591 inscription.
