3250 5025
297 352 427 415 111.
468 369 562 427 10,
602 350 722 436 11.]

1142 364 1225 415 IN
1276 364 1381 415 ΕΡ.
1428 364 1531 415 AD
1577 362 1840 415 TITUM.

2589 358 2710 427 255

292 538 561 601 uidetur
590 544 660 599 et
699 536 766 600 in
810 535 925 600 illa
966 536 1250 619 epistola
1280 557 1483 620 quam
1528 536 1616 601 ad
1657 535 2090 601 Timotheum
2135 536 2503 619 scripserat.
2597 536 2613 565 ‘
2637 552 2718 595 ne

297 640 571 723 patiaris
625 639 889 724 (inquit)
955 642 1345 724 conquirere
1404 650 1473 705 et
1532 642 1875 705 decertare
1933 640 2019 704 de
2067 640 2199 704 illis
2239 658 2412 722 quae
2469 637 2538 699 in
2573 635 2722 717 lege

298 754 659 825 praecepta
678 752 855 821 sunt,
882 765 1099 827 neque
1127 743 1536 828 genealogiis
1568 746 1921 809 intendens
1953 765 2123 828 opus
2153 753 2344 809 tuum
2377 738 2723 823 impediaS,

300 865 476 927 quae
520 847 615 911 illi
662 847 964 911 consulte
1010 847 1391 930 praeferunt
1421 850 1810 914 uerbositati
1841 849 2232 927 studentes;
2275 868 2364 911 ex
2399 845 2503 909 his
2543 842 2720 907 enim

304 948 559 1011 nullum
607 949 921 1012 iuuamen
966 950 1299 1032 quispiam
1346 952 1625 1034 adsequi
1673 953 1936 1034 poterit,
1967 953 2084 1015 sed
2133 960 2200 1015 et
2247 948 2531 1013 multam
2578 965 2721 1008 sus·
2801 954 2832 1021 5

302 1050 471 1115 tinet
502 1050 969 1116 nociuitatem.’
1057 1052 1301 1115 deinde
1332 1052 1729 1135 generaliter
1756 1054 2040 1129 instruit,
2073 1052 2303 1117 dicens
2329 1072 2344 1115 ε

432 1178 815 1242 haereticum
866 1179 1194 1243 hominem
1238 1190 1392 1263 post
1431 1180 1732 1263 primam
1789 1181 2226 1246 correctionem
2275 1190 2340 1244 et
2380 1177 2724 1242 secundam

302 1282 538 1360 deuita,
588 1283 790 1347 sciens
828 1285 1134 1366 quoniam
1165 1296 1515 1367 peruersus
1551 1296 1649 1351 est
1677 1287 1735 1349 is
1772 1284 1891 1369 qui
1929 1283 2248 1349 eiusmodi
2280 1293 2375 1347 est
2408 1291 2473 1347 et
2492 1289 2725 1365 peccat,

302 1406 449 1449 cum
477 1408 593 1450 suo
624 1388 861 1451 iudicio
891 1389 1245 1453 damnatus
1272 1400 1379 1454 est.

438 1510 549 1570 ‘et
604 1508 688 1570 ad
745 1506 1016 1590 plenum
1070 1508 1331 1591 (inquit)
1384 1507 1571 1573 illum
1620 1509 1847 1573 deuita
1893 1510 2006 1593 qui
2055 1530 2135 1572 ea
2180 1528 2353 1592 quae
2399 1501 2725 1570 contraria
2762 1514 2840 1560 10

306 1617 462 1673 sunt
528 1610 799 1692 pietatis
867 1610 1496 1694 praeelegit—hunc
1561 1614 1740 1676 enim
1800 1612 2186 1676 haereticum
2256 1618 2726 1691 uocat—post—

309 1736 511 1798 quam
542 1714 720 1777 enim
753 1712 961 1777 semel
994 1723 1062 1777 et
1107 1715 1208 1777 bis
1240 1715 1527 1777 eundem
1577 1715 1968 1797 instruxeris
2004 1724 2073 1779 et
2115 1712 2482 1779 ostenderis
2523 1712 2584 1774 ei
2615 1712 2725 1775 illa

307 1836 481 1899 quae
528 1816 933 1880 conueniunt
982 1816 1122 1879 eius
1170 1817 1387 1893 saluti,
1438 1816 1847 1899 superfluum
1897 1829 1998 1883 est
2051 1818 2301 1883 diutius
2350 1839 2502 1882 cum
2556 1817 2726 1880 eius-

310 1920 495 1983 modi
554 1918 912 2002 disputare‚
962 1939 1117 1982 cum
1171 1920 1258 1983 sit
1319 1918 1710 1984 manifestus
1763 1922 2080 2004 quoniam
2141 1920 2394 1985 nullam
2446 1922 2727 2004 percipit

309 2024 801 2099 correctionem,
832 2044 922 2086 ex
961 2023 1202 2106 quibus
1232 2023 1439 2086 semel
1471 2033 1538 2088 et
1570 2024 1672 2087 bis
1710 2025 1824 2089 illa
1863 2046 2037 2108 quae
2075 2024 2563 2089 conueniebant
2601 2025 2726 2087 sibi
2764 2036 2834 2099 15

310 2126 587 2190 audiens
640 2147 1039 2209 cognoscere
1099 2127 1314 2193 noluit
1371 2129 1743 2193 ueritatem.

1833 2130 2128 2214 relinque
2188 2150 2347 2211 ergo
2405 2148 2558 2193 eum
2613 2128 2727 2210 qui

308 2229 462 2293 talis
494 2238 595 2293 est
625 2238 702 2294 ut
734 2231 977 2294 iustam
1010 2240 1330 2313 expectet
1360 2253 1399 2295 a
1430 2233 1650 2296 iudice
1680 2253 1987 2315 poenam,
2008 2253 2090 2296 eo
2112 2232 2293 2316 quod
2321 2231 2412 2315 [in
2439 2251 2560 2295 sua
2583 2250 2730 2313 per-

308 2334 557 2398 tinacia
587 2334 971 2418 persistens]
998 2336 1252 2400 nullum
1280 2336 1393 2421 [ad
1417 2338 1907 2420 correptionem
1939 2335 2157 2419 suam]
2183 2358 2274 2400 ex
2299 2338 2730 2401 instructione

316 2434 639 2522 [accipere
671 2439 815 2503 uult
859 2438 1256 2525 consilium}

1348 2440 1416 2503 in
1448 2440 1551 2505 his
1582 2461 2054 2504 consummans
2099 2440 2469 2524 plenarium
2515 2440 2729 2505 consi-

308 2541 473 2606 lium
504 2561 716 2622 suum,
748 2544 976 2608 scribit
1006 2544 1091 2608 de
1120 2553 1341 2609 cetero
1371 2553 1607 2628 utpote
1637 2545 1978 2609 carissimo
2009 2543 2335 2627 discipulo
2365 2563 2528 2609 suo:

416 2710 434 2744 1
474 2695 582 2762 ipsa
606 2694 719 2761 (for
747 2693 855 2762 illa)
879 2698 950 2747 H

312 2791 340 2842 5
378 2781 613 2830 iubamen
641 2782 685 2831 C
690 2779 720 2808 ⁴*

316 2954 375 3002 14
398 2939 715 2991 manifestum
738 2945 813 2989 νῆ’

312 3035 403 3070 sua
422 3029 551 3085 pert.
579 3021 671 3072 ὅτε.
694 3037 771 3072 om
800 3021 845 3071 C
863 3023 931 3071 H
942 3038 1005 3073 r:
1040 3028 1113 3072 txt
1137 3028 1346 3072 flP—see
1368 3029 1478 3073 note

309 3102 348 3151 Ι.
375 3102 429 3166 5]
450 3120 527 3153 om
552 3120 586 3153 r

312 3242 367 3300 ἐξ
395 3238 641 3288 Ἰουδαίων
680 3239 799 3300 ἔφη·
835 3237 945 3298 περὶ
981 3233 1167 3285 τούτων
1203 3237 1255 3285 δὲ
1291 3236 1374 3284 καὶ
1402 3233 1475 3298 τῷ

313 3320 531 3382 μακαρίῳ
552 3319 809 3381 γέγραφεν
827 3317 1057 3378 Τιμοθέῳ·

382 3413 429 3464 7.
507 3405 623 3464 post
651 3398 882 3464 primam
926 3405 1138 3458 correct„
1189 3398 1309 3459 &c.]
1388 3397 1466 3447 Cf.

314 3480 449 3531 Iren.
468 3479 500 3530 i.
525 3477 599 3540 16,
622 3481 649 3539 ἓ
672 3492 731 3541 3:
766 3482 799 3506 “
815 3493 942 3543 quos
962 3478 1145 3529 Paulus
1167 3479 1305 3529 iubet
1328 3478 1476 3528 nobis

314 3569 428 3627 post
466 3561 719 3626 primam
740 3568 792 3610 et
814 3561 1084 3611 secundam
1108 3561 1475 3626 correptionem

314 3641 591 3693 deuitare.'’
656 3642 797 3692 Tert.
812 3649 1027 3706 praescr.
1058 3643 1117 3693 6:
1159 3645 1195 3670 ‘⁴
1213 3644 1333 3693 Tito
1365 3657 1477 3706 sug-

315 3725 441 3789 gerit
466 3722 721 3772 hominem
745 3723 1051 3772 haereticum
1078 3730 1192 3787 post
1226 3722 1477 3788 primam

316 3804 681 3868 correptionem
718 3802 1103 3853 recusandum.”
1182 3803 1295 3852 The
1329 3800 1479 3852 omis·

316 3886 426 3936 sion
448 3885 507 3936 of
531 3887 611 3934 καὶ
634 3886 875 3948 δευτέραν,
902 3885 1093 3950 though
1116 3885 1390 3950 supported
1411 3884 1481 3948 by

318 3966 491 4031 Cypr„
516 3965 767 4016 Ambrstr.
793 3964 893 4015 and
924 3965 1067 4014 other
1092 3964 1241 4014 Latin
1262 3963 1479 4014 authori-

315 4049 428 4107 ties,
464 4049 554 4098 has
592 4065 660 4099 no
699 4047 953 4112 authority
982 4049 1035 4097 in
1075 4047 1162 4098 the
1198 4048 1301 4098 Gk.
1369 4047 1483 4097 The

317 4131 469 4196 ang.
495 4130 589 4180 has
617 4130 783 4194 “post
806 4143 958 4178 unam
988 4136 1037 4178 et
1070 4129 1340 4178 secundam
1372 4143 1481 4178 cor-

318 4210 650 4278 reptionem.”
720 4212 1078 4263 correctionem
1116 4226 1277 4261 seems
1320 4217 1375 4261 to
1418 4209 1483 4260 be

315 4294 539 4361 peculiar
561 4301 613 4344 to
636 4309 727 4345 our
749 4295 1054 4356 translator3
1085 4294 1177 4346 but
1201 4296 1253 4346 S.
1279 4295 1483 4360 Jerome

317 4375 419 4426 had
441 4375 647 4439 already
668 4375 823 4425 found
846 4373 971 4424 fault
1006 4375 1129 4424 with
1164 4374 1483 4440 “correptio-

319 4472 436 4506 nem
457 4455 512 4507 :²³
548 4461 579 4484 ‘⁸
596 4458 814 4506 νουθεσία
838 4467 1005 4508 autem
1040 4456 1484 4508 commonitionem

1133 2716 1163 2760 4
1198 2696 1273 2747 illi
1307 2706 1544 2749 consuete
1572 2706 1838 2764 praeerunt
1871 2699 1940 2748 H
1995 2698 2096 2748 illis
2128 2703 2365 2748 consuete
2397 2695 2669 2762 proderunt
2703 2710 2737 2743 r

872 2793 899 2844 7
934 2790 1048 2846 post
1070 2797 1221 2832 unam
1244 2800 1277 2832 r
1300 2781 1309 2848 Ι
1339 2783 1705 2848 correptionem
1733 2784 1778 2833 C
1797 2797 1827 2832 r
1851 2779 1862 2848 Ι
1889 2790 1939 2832 et
1961 2782 2232 2833 secundam
2253 2797 2332 2831 om
2354 2798 2388 2831 r

310 2859 577 2908 subuersas
610 2867 684 2909 est
718 2858 963 2911 eiusmodi
996 2866 1047 2911 et
1075 2860 1285 2925 deliquit
1316 2861 1401 2926 qui
1430 2868 1507 2910 est
1536 2877 1567 2910 a
1596 2861 1866 2926 semetipso
1897 2861 2162 2910 damnatus
2183 2875 2217 2909 r

1046 2953 1102 3004 15
1126 2940 1493 3005 correptionem
1516 2947 1591 2989 νῆ’
1620 2939 1630 3006 Ι
1657 2956 1760 2991 non
1785 2939 1895 3005 (best
1912 2941 2147 3006 conuen.)
2169 2944 2277 2994 add
2291 2951 2367 2994 rw

2528 2781 2560 2830 8
2593 2779 2730 2844 quod

2412 2872 2467 2908 11
2505 2859 2681 2924 pietati
2703 2874 2738 2907 r

2600 2955 2657 3006 17
2683 2941 2736 2992 in

1725 3039 1791 3075 20
1811 3039 1889 3088 sq.
1911 3024 2369 3091 scribit...diligunt
2389 3041 2481 3076 nos
2508 3025 2596 3090 [p.
2621 3036 2734 3088 257,

1574 3235 1736 3301 magis
1775 3243 1825 3286 et
1861 3236 2142 3287 doctrinam
2173 3237 2363 3302 absque
2395 3237 2737 3304 increpatione

1575 3319 1879 3382 significat.'’
1943 3321 2254 3376 Peruersus,·
2297 3335 2355 3370 so
2389 3319 2540 3381 Iren„
2575 3321 2734 3378 Tert.,

1577 3398 1752 3463 cypr„
1768 3398 1945 3458 Lucis„
1963 3399 2232 3458 Ambrstr„
2259 3399 2503 3456 Claram-,-
2536 3400 2735 3457 Ambr.,

1578 3480 1734 3542 Aug„
1774 3477 1948 3541 vulg„
1996 3477 2364 3528 “subuersas''
2429 3479 2632 3534 Peccat,·
2679 3493 2737 3527 so

1577 3561 1752 3625 Cypn,
1809 3558 1992 3618 Lucis„
2049 3559 2299 3617 Clarom-;
2353 3560 2511 3618 Tert.,
2557 3559 2732 3622 Amb.,

1577 3640 1851 3695 Ambrstr.‚
1874 3638 2044 3703 Vulg.,
2079 3636 2427 3702 “delinquit.”

1652 3735 1727 3769 11.
1819 3717 1956 3767 hunc
2017 3718 2150 3766 enim
2215 3718 2512 3768 haereticum
2575 3719 2740 3782 uocat]

1582 3801 1669 3850 An
1701 3799 1995 3864 interesting
2024 3800 2125 3849 and
2158 3799 2528 3851 characteristic
2563 3799 2738 3851 defini-

1581 3885 1706 3935 tion.
1774 3884 1853 3935 Cf.
1894 3886 2124 3949 Jeromez
2170 3884 2428 3935 “haeresis
2459 3899 2638 3948 graece
2673 3888 2738 3938 ab

1582 3969 1830 4019 electione
1857 3967 2053 4025 dicitur,
2088 3967 2226 4032 quod
2257 3967 2446 4018 scilicet
2479 3969 2738 4033 unusquis-

1581 4067 1682 4116 qne
1723 4050 1776 4100 id
1821 4048 1918 4100 sibi
1961 4049 2100 4114 eligit
2144 4050 2282 4115 quod
2324 4050 2371 4101 ei
2413 4051 2592 4102 melius
2633 4067 2740 4103 esse

1580 4130 1866 4182 uideam-J·

1656 4225 1730 4276 17.
1803 4213 1860 4261 in
1915 4227 2010 4261 sua
2055 4211 2350 4276 pertinacia,
2411 4211 2532 4277 δια]
2629 4213 2741 4264 The

1584 4293 1860 4345 bracketed
1898 4293 2065 4343 words
2097 4308 2182 4342 are
2215 4293 2448 4359 supplied
2487 4293 2615 4344 from
2655 4295 2742 4346 the

1586 4377 1733 4426 letter
1777 4373 1836 4424 of
1867 4373 1996 4424 Rab-
2033 4381 2090 4424 to
2125 4373 2374 4425 Hincmar
2407 4376 2622 4439 [τιμῆς
2656 4391 2742 4426 see

1584 4453 1881 4520 Appendix.

2759 2557 2846 2606 20
