3250 5025
475 338 597 419 176
1136 353 1594 404 ‘rm-:ononus
1643 353 2227 404 MOPSUESTENUS
2560 338 2708 425 [VI.
2743 358 2799 422 3,
2828 357 2887 418 4

465 527 720 590 domini
767 527 978 592 nostri
1020 528 1164 592 Iesu
1218 527 1470 594 Christi
1508 539 1572 593 et
1619 529 1944 593 doctrinae
1976 551 2140 612 quae
2184 529 2530 593 secundum
2570 530 2883 615 pietatem

464 642 572 709 est,
602 632 810 694 elatus
835 641 944 707 est,
979 632 1158 695 nihil
1176 633 1393 698 sciens.

597 751 771 816 bene
848 753 1120 818 elationi
1207 756 1428 819 iunxit
1519 755 1716 819 ‘nihil
1792 756 1999 820 scire.'
2118 754 2322 820 elatio
2396 777 2556 821 uera
2632 755 2888 819 ratione

468 857 710 920 dicitur
754 857 867 921 illa
909 879 1054 922 esse
1091 881 1264 942 quae
1304 860 1610 924 homines
1649 882 1894 944 magna
1940 882 2173 944 sapere
2218 863 2377 926 facit
2408 862 2493 926 de
2540 861 2669 925 illis
2714 879 2889 943 quae

404 961 594 1043 5sibi
645 980 778 1024 non
825 961 1087 1026 adsunt.
1176 974 1242 1027 et
1279 964 1551 1046 quidem
1596 966 1969 1028 maximum
2019 976 2121 1031 est
2163 965 2293 1028 illis
2335 966 2768 1048 opprobrium
2816 973 2891 1027 ut

469 1065 632 1128 alios
678 1066 917 1130 docere
963 1067 1376 1148 promittant,
1424 1068 1548 1150 ipsi
1597 1067 1758 1130 nihil
1807 1067 2039 1132 sciant.
2131 1089 2287 1132 nam
2336 1078 2403 1133 et
2450 1069 2536 1132 de
2583 1068 2710 1133 hoc
2743 1070 2889 1152 ipso

469 1170 751 1232 derideri
801 1170 984 1253 digni
1035 1181 1210 1244 sunt,
1264 1173 1427 1236 dum
1476 1172 1643 1235 alios
1693 1174 1934 1236 docere
1984 1175 2471 1256 promittentes,
2536 1174 2661 1257 ipsi
2724 1174 2887 1237 nihil

469 1275 696 1337 sciant.
780 1274 974 1338 huius
1017 1297 1180 1339 uero
1225 1278 1317 1340 rei
1365 1277 1677 1360 probatio
1719 1298 1808 1341 ex
1856 1275 2411 1360 praecedentibus
2452 1281 2748 1361 apertius
2785 1287 2888 1341 est

471 1376 846 1442 manifesta.
936 1380 991 1442 si
1024 1381 1200 1443 enirn
1235 1401 1369 1444 non
1402 1382 1758 1445 intendunt
1788 1382 1879 1446 illi
1913 1384 2258 1446 doctrinae
2300 1405 2473 1467 quae
2516 1383 2886 1448 secundum

365 1501 444 1548 10
471 1480 792 1563 pietatem
852 1491 969 1558 est,
1031 1483 1305 1547 euidens
1365 1493 1468 1548 est
1529 1486 1847 1567 quoniam
1902 1485 2066 1548 nihil
2119 1487 2338 1549 sciunt
2387 1487 2474 1550 de
2530 1487 2655 1550 illis
2706 1507 2883 1569 quae

469 1587 634 1650 scire
664 1587 1086 1652 conueniunt.
1175 1607 1336 1669 ergo
1373 1596 1440 1650 et
1488 1607 1661 1651 uane
1706 1608 1777 1651 se
1818 1589 2062 1652 docere
2091 1591 2512 1671 promittunt,
2544 1589 2656 1653 illa
2690 1590 2878 1672 igno-

471 1699 691 1754 rantes
722 1711 894 1773 quae
924 1691 1088 1754 scire
1119 1691 1539 1754 conueniunt.
1605 1691 1759 1754 dein
1794 1711 1961 1774 opus
1994 1712 2223 1755 eorum
2257 1693 2565 1756 incusans
2599 1694 2884 1758 adiecit:

598 1846 717 1909 sed
736 1847 1143 1928 languescens
1168 1867 1325 1930 erga
1353 1845 1777 1929 quaesitiones
1802 1855 1866 1910 et
1893 1847 2233 1911 uerborum
2264 1847 2450 1910 rixas
2474 1856 2585 1910 est.

601 1969 760 2051 quia
790 1977 858 2033 et
888 1967 1208 2052 plurimas
1241 1968 1594 2032 eueniebat
1628 1989 1753 2052 ,eos
1798 1968 2249 2051 quaesitiones
2290 1989 2733 2046 commouere,
2766 1967 2880 2032 illa

365 2091 436 2158 15
471 2073 728 2136 ratione
779 2093 914 2155 qua
965 2092 1088 2136 sua
1131 2080 1424 2136 statuere
1469 2072 1851 2153 cupiebant.
1942 2072 2116 2136 bene
2159 2081 2387 2135 autem
2442 2075 2667 2155 posuit
2713 2072 2889 2137 ‘lan-

469 2179 818 2264 guescere'
865 2198 996 2243 e08.
1095 2176 1486 2260 languorem
1532 2178 1695 2241 dicit
1740 2178 2218 2260 cogitationem
2266 2198 2515 2255 eorum,
2570 2199 2651 2242 eo
2704 2177 2887 2260 quod

469 2285 924 2367 relinquentes
976 2282 1298 2364 pietatem
1353 2280 1439 2344 ad
1501 2281 1955 2363 quaesitionae
2016 2281 2559 2345 inconuenientes
2620 2283 2888 2347 euolue-

469 2392 728 2456 bantur.
777 2397 847 2452 et
877 2387 1238 2451 ostendens
1269 2395 1344 2450 ut
1375 2384 1506 2449 alia
1535 2386 1749 2450 multa
1774 2385 2125 2450 inhonesta
2144 2385 2371 2451 studio
2393 2388 2887 2471 quaesitionum

467 2494 1017 2569 adnascebantur‚
1048 2491 1289 2557 adiecit
1315 2512 1330 2555 ε

353 2660 440 2710 20
597 2651 676 2693 ax
698 2628 932 2713 quibus
947 2630 1143 2713 fiunt
1183 2627 1496 2703 inuidiae,
1526 2627 1959 2703 contentioneS,
2000 2626 2437 2710 blasphemiae,
2478 2630 2892 2712 suspectiones

565 2799 591 2834 α
627 2790 702 2833 est
728 2782 826 2846 (ast
845 2781 1025 2840 sciens)
1046 2779 1153 2828 add
1165 2780 1237 2829 H
1425 2778 1458 2829 6
1491 2779 1790 2843 promittunt
1820 2776 1966 2827 C*H
1982 2774 1992 2842 Ι
2023 2794 2136 2828 cum
2159 2778 2253 2843 ipsi
2276 2778 2402 2828 nihil
2426 2778 2609 2829 saciant
2632 2797 2663 2828 r
2690 2778 2699 2842 Ι
2728 2780 2890 2845 ipsum

467 2866 582 2931 (sor
601 2865 731 2930 ipso)
757 2865 826 2912 H
947 2873 974 2924 7
1009 2861 1235 2910 deridere
1256 2860 1325 2910 H
1447 2875 1507 2909 10
1538 2870 1613 2909 est
1640 2859 1739 2923 (ast
1760 2860 1900 2924 piet.)
1923 2876 2000 2907 om
2024 2861 2091 2908 H
2112 2858 2119 2923 Ι
2147 2860 2401 2924 quomodo
2420 2860 2532 2925 (sor
2551 2859 2807 2926 quoniam)
2834 2864 2902 2913 H

473 2967 524 3001 11
564 2956 672 2998 uta
693 2962 775 2996 me
799 2945 912 3010 (for
930 2952 980 2994 et
1003 2945 1151 3004 uane)
1174 2944 1243 2993 H
1286 2943 1435 2992 inane
1458 2958 1491 2991 r
1680 2959 1751 3003 η,
1789 2958 1847 3009 19
1879 2943 2033 2991 adicit
2062 2944 2107 2992 C
2125 2960 2157 2991 r
2324 2958 2379 3005 13
2414 2952 2487 2993 est
2510 2960 2587 2992 om
2612 2961 2645 2993 r
2826 2958 2885 3008 14

465 3030 778 3097 quaestiones
799 3030 866 3077 II
879 3044 912 3077 r
935 3028 945 3089 Ι
973 3027 1278 3077 commoneri
1305 3028 1350 3075 C
1369 3027 1436 3075 H
1616 3040 1673 3089 17
1709 3026 1771 3075 ad
1795 3042 1872 3074 om
1897 3041 1930 3073 r
2108 3028 2165 3075 18
2198 3026 2437 3091 quoniam
2459 3034 2509 3076 et
2534 3026 2651 3091 (sor
2669 3026 2743 3089 ut)
2765 3028 2834 3077 H
2852 3025 2862 3093 Ι

465 3110 812 3178 quaestionum
835 3126 868 3157 r
1050 3122 1114 3157 πο
1145 3108 1444 3174 suspitiones
1471 3108 1514 3157 C
1534 3108 1683 3167 (corr)
1718 3107 1771 3169 [r
1788 3107 2087 3171 throughout
2105 3124 2235 3157 verse
2250 3124 2308 3155 as
2329 3108 2384 3157 in
2419 3108 2586 3172 Vulg.]

535 3260 581 3308 3.
636 3241 800 3303 elath]
856 3239 934 3292 Cf.
967 3251 1029 3290 11.
1057 3254 1110 3304 p.
1139 3254 1248 3303 113,
1275 3238 1311 3289 1.
1344 3255 1386 3299 1,
1413 3246 1548 3288 note.
1726 3246 1830 3287 text
1868 3236 2033 3287 which
2074 3239 2253 3303 Chrys.
2292 3238 2403 3288 also
2444 3254 2606 3289 seems
2656 3247 2709 3289 to
2752 3238 2883 3290 have

540 3340 617 3389 13.
673 3322 1007 3389 langues-cens]
1071 3322 1185 3371 The
1207 3320 1273 3372 Ο.
1297 3322 1358 3372 L.
1382 3336 1543 3371 seems
1573 3330 1628 3370 to
1734 3320 1981 3377 followed.
2008 3321 2252 3387 although
2276 3322 2329 3371 in
2358 3337 2499 3371 some
2531 3321 2590 3371 of
2616 3322 2695 3372 his
2728 3323 2883 3374 MSS.

467 3408 596 3457 have
649 3406 752 3457 had
807 3407 1120 3469 “aegrotans
1132 3400 1192 3462 ”3
1239 3401 1412 3466 vulg„
1469 3401 1628 3450 “lan·
1732 3402 1798 3461 (v.
1836 3402 1917 3451 ed.
1954 3402 2116 3463 Field,
2156 3402 2221 3452 vi.
2261 3418 2310 3467 p.
2358 3403 2470 3467 147)
2504 3404 2709 3463 γίνεται,
2740 3406 2888 3455 κ.τ.λ.

468 3486 676 3554 guens.'’
743 3486 1082 3551 Languescens
1103 3484 1147 3533 is
1171 3482 1320 3549 given
1351 3484 1418 3547 by
1441 3483 1620 3531 Ambr.
1728 3483 1821 3533 has
1852 3484 1983 3545 been
2016 3484 2257 3533 restored.
2324 3484 2425 3534 For
2451 3485 2783 3549 suspectionem
2807 3498 2891 3536 see

469 3571 570 3620 and
606 3569 838 3621 Sedulius
863 3566 949 3628 (cs.
975 3565 1432 3625 HaddamStubbs,
1465 3564 1626 3614 Coun·
1731 3564 1971 3626 Paucker,
2010 3566 2167 3614 metet.
2196 3564 2357 3615 lexist.
2380 3565 2413 3615 i.
2444 3582 2495 3631 p.
2525 3582 2612 3634 193
2646 3568 2733 3618 the
2766 3568 2886 3619 Cor·

467 3651 570 3710 cils,
619 3648 656 3698 i.
701 3664 750 3713 p.
807 3648 938 3712 179).
1037 3645 1301 3695 Verborum
1346 3645 1507 3703 ήκω,
1567 3658 1626 3693 so
1727 3646 1809 3697 bie
1853 3655 2105 3698 corrector
2146 3648 2239 3698 has
2280 3648 2544 3699 borrowed
2596 3650 2890 3715 suspiciones

470 3733 536 3784 O.
561 3732 622 3781 L.
664 3728 848 3791 (Lucis.
893 3726 1080 3788 Calor„
1129 3726 1404 3786 Claram.);
1445 3724 1619 3789 Vulg„
1726 3728 1855 3779 from
1890 3728 1977 3779 the
2016 3728 2169 3793 Vulg.
2210 3729 2373 3787 Cant„
2408 3730 2459 3780 h.
2496 3737 2781 3794 corruptam
2814 3748 2881 3780 m.

475 3816 512 3840 ‘⁸
528 3828 720 3879 pugnas
743 3806 1061 3861 uerborum.”
1726 3809 2015 3859 habentium
2028 3826 2049 3866 ;
2104 3808 2259 3859 Latin
2314 3810 2553 3871 versions,
2594 3810 2887 3861 “conflicta-

541 3896 616 3947 16.
671 3889 1398 3959 languorm...mluebantur]
1474 3888 1625 3940 Cited
1728 3890 1890 3940 tiones
1919 3889 1972 3939 11.
2007 3899 2177 3941 mente
2208 3890 2608 3956 corruptorum.”
2680 3894 2886 3943 Conten-

469 3980 538 4043 by
561 3976 826 4027 Lansranc.
1726 3972 1878 4022 teones
1900 3972 1992 4032 (ιο)
2014 3972 2069 4021 in
2090 3988 2181 4023 our
2214 3972 2373 4023 MSS.
2395 3974 2486 4023 has
2517 3974 2733 4039 perhaps
2760 3975 2887 4025 been

537 4062 818 4123 languorem
878 4056 1016 4114 dicit,
1077 4053 1193 4115 &c.]
1275 4053 1486 4117 Chrys-2
1535 4048 1629 4115 ἄρα
1730 4054 1965 4117 repented
1987 4053 2055 4118 by
2078 4054 2163 4105 the
2184 4055 2370 4106 scribes
2391 4054 2519 4105 from
2544 4056 2629 4106 the
2658 4056 2888 4120 previous

469 4144 627 4191 νοσεῖν
647 4142 782 4189 ἐστὶν
799 4139 859 4187 τὸ
881 4138 1058 4202 ζητεῖν.
1730 4132 1866 4193 line3
1909 4132 1961 4181 in
2000 4149 2101 4197 any
2136 4150 2252 4184 case
2295 4134 2439 4185 Th.'s
2480 4142 2585 4185 text
2630 4150 2791 4186 seems
2836 4146 2888 4185 to

538 4238 616 4272 20.
665 4218 831 4285 fiunt]
881 4218 952 4269 So
975 4217 1257 4273 Ambrstr.;
1290 4215 1462 4280 Vulg„
1487 4213 1631 4263 “ori-
1730 4214 1975 4265 havehnd
1995 4216 2371 4280 διαπαρατριβαί
2386 4214 2463 4279 (so
2480 4214 2888 4281 Chrys.‚Thdt‚).

469 4300 670 4355 untur.”
739 4300 884 4350 With
927 4298 1014 4349 the
1059 4299 1208 4348 Latin
1251 4297 1474 4347 versions
1525 4297 1625 4346 Th.
1737 4296 1842 4358 Qui
1855 4296 2041 4360 fraud.
2068 4313 2103 4347 a
2124 4298 2335 4348 ueritate
2352 4314 2391 4349 s.
2464 4300 2577 4349 The
2598 4300 2751 4351 Latin
2780 4316 2888 4350 ver·

469 4382 553 4447 (cf.
611 4382 714 4433 Gk.
767 4378 932 4445 infra)
978 4394 1191 4446 appears
1237 4387 1290 4428 to
1334 4380 1462 4429 have
1507 4379 1628 4428 read
1729 4378 1869 4429 sions
1899 4394 2022 4444 vary
2053 4380 2425 4444 considerably3
2471 4382 2707 4443 Clarum„
2751 4382 2789 4409 “
2802 4383 2888 4431 de.

466 4465 686 4529 γίνονται
746 4459 932 4523 φθόνοι,
989 4460 1233 4523 ἔριδες-α
1271 4458 1399 4508 form
1443 4458 1506 4509 os
1541 4459 1626 4509 the
1728 4461 2013 4511 stitutorum
2048 4477 2080 4510 a
2112 4462 2227 4524 u.”;
2263 4463 2465 4521 Ambr„
2505 4466 2587 4513 “a
2619 4480 2668 4513 u.
2702 4464 2885 4513 alieno·
