3250 5025
405 1963 476 2032 15
507 1947 831 2028 probauit.

499 333 586 409 96
1171 336 1628 391 THEODORUS
1678 337 2164 390 MOPSUESTEN
2176 339 2263 390 US

2670 325 2788 410 [11.
2830 337 2923 406 ις.

501 513 670 578 dens
701 516 883 597 quod
915 515 1130 579 salute
1170 513 1376 598 digna
1414 535 1559 578 esse
1602 514 1869 579 uidetur
1907 515 2259 598 progenies
2304 535 2423 597 per
2460 535 2572 579 eas
2614 512 2922 578 mulieres

503 636 676 697 quae
724 616 810 679 ad
858 617 1180 699 pietatem
1229 617 1588 699 respiciunt
1634 624 1701 679 et
1754 627 2154 699 permanent
2202 617 2269 679 in
2320 616 2453 680 fide
2506 625 2576 680 et
2628 615 2919 689 caritate,

503 738 763 782 necnon
796 727 862 783 et
908 719 1434 783 sanctificatione
1475 720 1780 782 uiuentes
1824 739 1975 783 cum
2022 720 2359 802 pudicitia,
2394 730 2462 784 et
2504 719 2919 802 diligentiam

504 840 664 884 suae
693 821 1091 887 adhibentes
1121 824 1318 887 uitae.
1407 843 1564 886 narn
1609 823 1792 906 quod
1842 824 2038 899 dixit,
2065 825 2442 890 saluabitur
2459 838 2585 908 per
2608 824 2920 908 filiorum

440 939 470 1006 5
495 925 985 1004 generationem,
1017 945 1150 988 non
1183 925 1267 988 de
1301 925 1449 988 Eua
1480 925 1659 1001 dicit,
1692 925 1810 989 sed
1843 925 1929 989 de
1960 947 2205 1008 genere
2249 926 2579 1010 loquitur;
2628 951 2708 994 eo
2740 929 2921 1013 quod

505 1032 574 1087 et
605 1025 690 1088 de
725 1047 966 1108 genere
998 1027 1348 1110 disputans
1389 1027 1478 1090 ad
1509 1048 1829 1109 personas
1861 1030 2133 1093 recurrit
2162 1029 2392 1094 Adam
2426 1041 2493 1095 et
2528 1032 2731 1110 Euae,
2766 1033 2921 1095 inde

505 1126 798 1206 probans
845 1127 1026 1209 quod
1077 1148 1210 1191 non
1260 1129 1615 1192 conueniat
1664 1129 1749 1192 ad
1800 1131 2010 1194 instar
2052 1132 2342 1197 uirorum
2390 1135 2593 1197 etiam
2635 1134 2757 1197 has
2793 1133 2919 1196 sibi

507 1240 732 1294 actum
794 1231 860 1293 in
920 1253 1274 1298 commune
1348 1233 1703 1297 uindicare.
1795 1243 1865 1297 et
1924 1254 2009 1298 ne
2068 1235 2395 1300 incusatio
2454 1237 2717 1320 generis
2777 1257 2922 1300 esse

507 1330 842 1396 uideretur
886 1331 1048 1396 illud
1095 1333 1276 1415 quod
1325 1334 1412 1397 de
1457 1334 1759 1415 personis
1812 1335 2173 1414 dicebatur,
2227 1337 2399 1400 bene
2446 1336 2742 1400 ostendit
2788 1325 2931 1398 non'
3006 1394 3011 1398 ,

401 1444 480 1493 10
506 1451 648 1494 esse
681 1433 1014 1497 adiectum
1045 1454 1274 1516 genuS,
1306 1455 1522 1517 neque
1564 1435 2016 1518 reprobandas
2058 1437 2143 1500 ad
2187 1438 2507 1520 pietatem
2551 1458 2697 1500 esse
2731 1434 2945 1500 muli--

505 1554 647 1597 eres
682 1556 855 1618 quae
898 1535 1135 1600 uolunt
1179 1536 1596 1619 diligentiam
1644 1537 1961 1603 adhibere
2005 1542 2586 1618 conuenientium3
2631 1551 2706 1604 ut
2742 1541 2923 1604 dicat

505 1642 822 1723 quoniam
879 1641 1002 1704 ‘ad
1058 1641 1380 1722 pietatem
1428 1640 1734 1705 similiter
1784 1643 2201 1724 recipiendae
2245 1654 2403 1708 sunt
2446 1644 2616 1708 sicut
2662 1644 2804 1718 uiri,
2851 1643 2919 1706 in

506 1742 844 1806 communi
905 1763 1063 1807 uero
1122 1743 1642 1825 congregatione
1701 1743 2136 1825 posteriorem
2198 1764 2312 1808 eas
2371 1755 2636 1828 oportet
2701 1743 2917 1807 locum

507 1845 768 1909 tenere.'

858 1853 926 1908 et
977 1845 1157 1927 quod
1212 1845 1305 1908 ita
1355 1844 1599 1907 debeat
1652 1845 1809 1922 fieri,
1864 1867 1953 1910 ex
2005 1848 2233 1911 multis
2287 1848 2354 1911 id
2405 1847 2689 1931 negotiis
2741 1867 2919 1909 com-

949 1947 1174 2030 sicque
1243 1945 1362 2029 [in]
1429 1963 1634 2009 sexus
1708 1947 2054 2012 ecclesiam
2130 1950 2453 2027 diuidenS,
2515 1956 2919 2012 memoratus

508 2055 612 2110 est
679 2048 986 2111 semotim
1057 2049 1328 2130 quidem
1387 2051 1697 2126 uirorum,
1758 2052 2065 2123 semotim
2128 2072 2288 2114 uero
2349 2050 2738 2128 mulierum3
2806 2049 2919 2112 ubi

508 2154 690 2217 uisus
735 2161 836 2215 est
880 2153 1216 2215 communi
1265 2151 1734 2216 exhortatione
1783 2155 1987 2216 etiam
2034 2175 2114 2216 ea
2160 2154 2414 2217 dixisse
2455 2174 2628 2236 quae
2657 2154 2919 2236 proprie

608 2338 635 2389 7
671 2327 735 2375 ad
761 2325 867 2389 (bgf
875 2327 1050 2386 instar)
1071 2341 1148 2374 om
1179 2326 1223 2375 C
1250 2326 1400 2386 (corr)

507 2409 664 2470 niam)
689 2424 720 2456 r
745 2406 755 2470 Ι
784 2408 895 2458 sim.
931 2408 996 2456 ad
1021 2423 1068 2471 p.
1099 2405 1394 2473 H*1sicut
1427 2414 1477 2457 et
1499 2423 1548 2456 u.
1572 2424 1604 2455 r

509 2505 731 2541 seorsum
756 2486 872 2555 (for
891 2504 1034 2546 sem„
1057 2486 1197 2552 sem.)
1223 2506 1254 2539 r

513 2634 655 2682 “nec
687 2632 753 2682 de
786 2631 898 2679 Eua
927 2630 1026 2681 hoc
1064 2630 1209 2688 dixit,
1253 2630 1340 2679 sed
1385 2631 1450 2679 de
1480 2644 1664 2693 genere

505 2709 776 2777 loquitur.”

575 2806 622 2856 5.
689 2808 791 2841 non
822 2792 882 2840 de
909 2792 1034 2841 Eua
1061 2790 1211 2852 fixit]
1252 2790 1434 2841 Thdt.=
1469 2788 1522 2840 οὐ
1554 2791 1666 2851 περὶ

506 2873 591 2935 τῆς
631 2875 758 2923 Εὔας
791 2874 902 2935 ἔφη,
942 2869 1073 2921 ἀλλὰ
1101 2874 1213 2934 περὶ
1254 2868 1342 2920 τοῦ
1385 2868 1542 2921 κοινοῦ
1576 2870 1666 2930 τῆς

507 2958 712 3018 φύσεως.

573 3036 686 3085 The
708 3035 1084 3100 interpretation
1109 3034 1169 3084 of
1201 3032 1282 3083 διὰ
1319 3034 1404 3093 τῆς
1438 3050 1663 3095 τεκνογο-

508 3116 607 3165 νίας
639 3114 930 3163 mentioned
964 3114 1032 3177 by
1069 3112 1260 3178 Thpht.
1303 3111 1445 3178 (τινὲς
1481 3114 1534 3161 δὲ
1578 3115 1663 3161 οὐκ

509 3194 598 3246 οἷδ’
641 3196 768 3245 ὅπως
810 3196 1115 3257 τεκνογονίαν
1162 3195 1364 3255 ἐνόησαν
1405 3194 1509 3253 τὴν
1563 3194 1664 3253 τῆς

510 3278 814 3342 θεοτόκου)
867 3280 969 3328 and
1023 3278 1250 3328 ascribed
1306 3278 1360 3327 in
1416 3276 1665 3327 Cramer's

509 3368 688 3411 catena
714 3368 769 3411 to
798 3377 865 3411 an
893 3376 1202 3425 anonymous
1235 3360 1414 3410 author
1441 3360 1544 3422 (vii.
1573 3374 1661 3409 υτ

509 3444 657 3495 ἄλλος
686 3446 849 3505 φησίν·
883 3442 1088 3509 σώζεται
1125 3442 1185 3491 τὸ
1207 3444 1476 3506 γυναικεῖον
1503 3444 1659 3504 γένος,

511 3527 592 3576 καὶ
629 3526 769 3574 πᾶσα
808 3527 859 3575 δὲ
895 3525 926 3585 ἠ
961 3526 1059 3573 τῶν
1084 3523 1346 3587 ἀνθρώπων
1385 3524 1542 3585 φύσις,
1593 3521 1669 3571 διὰ

509 3606 600 3657 τοῦ
651 3608 704 3667 ἐξ
764 3606 910 3666 αὐτῆς
965 3602 1090 3655 κατὰ
1164 3604 1323 3667 σάρκα
1383 3604 1666 3661 τικτομένου

511 3684 745 3752 Χριστοῦ)
769 3688 898 3738 finds
928 3704 996 3738 no
1026 3689 1172 3752 place
1195 3687 1247 3737 in
1273 3686 1357 3735 the
1388 3690 1666 3735 comments

511 3772 570 3822 of
584 3772 670 3821 the
695 3769 1051 3829 Antiochenes,
1079 3774 1133 3817 to
1155 3768 1323 3817 whose
1362 3769 1567 3819 method
1608 3768 1669 3818 of

511 3852 732 3918 exegesis
753 3852 792 3901 it
813 3867 916 3901 was
937 3851 1070 3900 alien
1090 3868 1106 3911 3
1138 3851 1239 3899 and
1255 3850 1370 3899 thus
1391 3850 1655 3900 discarded

509 3936 579 3999 by
591 3936 676 3985 the
698 3941 837 3999 great
867 3934 1079 3983 Eastern
1111 3933 1402 3997 expositors‚
1439 3932 1478 3982 it
1513 3932 1667 3982 sailed

511 4023 566 4065 to
583 4016 701 4079 gain
723 4030 790 4064 an
811 4022 1044 4064 entrance
1067 4013 1174 4063 into
1197 4014 1282 4062 the
1322 4012 1480 4062 West.
1553 4012 1667 4063 The

511 4096 662 4145 Latin
704 4094 904 4151 fathers,
947 4092 1196 4152 however,
1247 4093 1375 4142 from
1412 4092 1661 4143 Ambrstr.

510 4175 822 4236 downward,
841 4174 1095 4239 generally
1118 4171 1424 4221 understood
1448 4172 1533 4221 the
1555 4187 1666 4235 pas-

510 4270 628 4320 sage
663 4255 714 4303 in
759 4270 792 4303 a
833 4252 1064 4317 mystical
1107 4268 1266 4310 sense.
1311 4251 1504 4316 though
1549 4252 1669 4317 they

511 4334 718 4385 differed
749 4334 934 4397 widely
955 4348 1010 4383 as
1043 4339 1096 4382 to
1129 4332 1300 4382 detail.
1367 4332 1508 4383 Thus
1541 4332 1667 4381 Am·
1714 4340 1719 4343 ·

511 4416 657 4469 brstr.
681 4432 820 4481 saysz
861 4414 1004 4467 “hos
1025 4414 1156 4465 filios
1185 4414 1305 4465 dicit
1343 4414 1428 4479 qui
1464 4428 1667 4479 regene-

1603 2341 1662 2376 ιο
1697 2324 1968 2390 reprobans
1996 2326 2039 2375 C
2053 2327 2122 2375 H
2126 2343 2158 2375 r

1401 2499 1416 2513 ·
1455 2501 1510 2553 17
1546 2489 1749 2540 eamH

2393 2342 2448 2376 η
2484 2326 2620 2390 quod
2659 2326 2775 2389 (fhr
2796 2340 2917 2389 quo·

1870 2422 1925 2472 15
1962 2407 2013 2456 in
2036 2422 2114 2455 om
2148 2407 2309 2456 CHr
2589 2405 2647 2456 16
2679 2422 2913 2466 seorsum,

1764 2637 1933 2679 rantur
1976 2645 2068 2694 per
2104 2629 2255 2680 fidem
2300 2630 2485 2679 Christi
2498 2626 2546 2691 ;''
2603 2630 2770 2693 Aug.=
2814 2631 2925 2679 “ea

1766 2725 1893 2775 quae
1935 2711 2169 2761 dicuntur
2203 2718 2344 2775 opera
2388 2713 2513 2760 bona
2546 2716 2801 2775 tamquam
2834 2710 2924 2761 filii

1766 2799 1882 2840 sunt
1920 2792 2053 2840 uitae
2082 2800 2282 2841 nostrae
2301 2789 2349 2848 ;”
2402 2790 2647 2853 PelagiuS,
2687 2790 2923 2841 followed

1766 2872 1837 2935 by
1864 2871 2035 2921 Sedul.
2063 2872 2231 2921 Scot.=
2270 2873 2411 2936 “per
2441 2871 2763 2935 baptismum,
2786 2872 2925 2935 quod

1766 2957 1844 3001 est
1861 2950 2075 3000 filiorum
2091 2951 2363 3015 generatiO,
2383 2951 2493 3015 ipsa
2522 2950 2795 3000 saluabitur
2820 2966 2923 2999 non

1768 3033 1898 3089 Eua,
1920 3033 2009 3082 sed
2031 3033 2240 3082 credens
2262 3032 2489 3082 mulier.”

1837 3127 1914 3161 ro.
1980 3113 2328 3177 reprobandas]
2364 3114 2459 3163 See
2492 3130 2573 3163 vv.
2610 3113 2665 3163 ll.
2732 3114 2818 3163 An
2852 3112 2925 3162 al-

1766 3195 2009 3244 ternative
2054 3196 2329 3245 correction
2376 3197 2545 3245 would
2589 3197 2654 3245 be
2698 3204 2751 3245 to
2801 3194 2926 3246 omit

1764 3293 1857 3326 esse
1878 3276 2003 3325 after
2014 3276 2260 3339 pietatem.
2293 3277 2551 3326 Adiectum
2574 3292 2691 3340 may
2712 3276 2927 3341 perhaps

1766 3358 1831 3407 be
1853 3373 1917 3407 an
1940 3374 2077 3407 error
2098 3358 2175 3406 for
2194 3358 2448 3406 abactam.

1838 3452 1913 3487 12.
1979 3438 2052 3486 ad
2070 3438 2305 3501 pietatem
2348 3436 2602 3497 similiter]
2646 3435 2741 3486 See
2784 3447 2823 3485 ι.
2870 3450 2923 3499 p.

1768 3530 1879 3580 245.

1840 3598 1915 3648 16.
1987 3598 2510 3659 semotim...semotim]
2577 3600 2627 3647 A
2671 3614 2782 3649 rare
2824 3600 2927 3649 and

1768 3680 1869 3729 late
1902 3679 2031 3729 form
2048 3679 2141 3729 ·s0r
2172 3687 2359 3741 semote,
2387 3679 2528 3729 itself
2556 3679 2615 3728 of
2643 3679 2925 3745 infrequent

1768 3774 1871 3809 use.
1942 3760 2181 3809 Rabanus
2218 3759 2309 3809 has
2353 3759 2653 3809 substituted
2689 3775 2754 3808 an
2794 3759 2925 3809 ordi-

1768 3858 1890 3906 nary
1912 3843 2081 3903 word3
2114 3856 2196 3891 see
2218 3857 2302 3889 vv.
2326 3841 2380 3889 11.

1834 3924 1923 3973 ubi
1952 3924 2093 3972 uisus
2122 3929 2207 3983 est,
2234 3923 2348 3984 δια]
2414 3921 2525 3970 The
2555 3921 2805 3970 reference
2836 3937 2927 3987 ap-

1770 4020 1914 4070 pears
1947 4012 1999 4055 to
2032 4005 2097 4053 be
2130 4012 2183 4053 to
2217 4019 2259 4053 c.
2295 4004 2345 4053 ii.
2376 4018 2424 4069 9,
2458 4018 2546 4062 103
2586 4003 2649 4054 cf.
2676 4018 2727 4067 p.
2752 4016 2831 4066 93,
2868 4004 2924 4053 11.

1769 4088 1949 4135 8-11.
2017 4085 2203 4135 ‘Some
2246 4083 2305 4133 of
2342 4084 2430 4134 the
2475 4080 2619 4147 Ap.’s
2658 4082 2927 4133 directions

1768 4168 1893 4217 with
1914 4168 2094 4231 regard
2116 4174 2169 4216 to
2192 4166 2277 4215 the
2299 4164 2517 4215 conduct
2539 4164 2598 4213 of
2621 4180 2819 4215 women
2840 4180 2927 4215 are

1768 4250 1821 4299 in
1840 4266 1871 4299 a
1893 4251 1989 4299 less
2005 4249 2187 4313 degree
2203 4248 2486 4315 applicable
2503 4256 2556 4299 to
2577 4263 2723 4306 mem
2758 4249 2928 4299 others

1772 4331 1833 4395 (e.
1847 4347 1897 4395 g.
1933 4346 1977 4381 c.
2002 4331 2055 4380 ii.
2096 4345 2170 4387 ιι.
2208 4329 2286 4392 12)
2320 4330 2507 4395 belong
2540 4330 2839 4394 exclusively
2871 4339 2926 4381 to

1765 4414 1851 4463 the
1882 4412 2061 4464 female
2084 4411 2204 4462 sex.²
