3250 5025
296 357 556 444 111.6.]
1007 373 1089 422 IN
1141 373 1242 423 ΕΡ.
1289 372 1392 422 AD
1439 369 1905 426 TmoTHEUM
1958 377 2001 428 1.

2598 379 2714 442 113

294 543 546 608 incidat
601 545 863 610 diaboli.
953 544 1158 609 elatio
1218 543 1398 610 enim
1451 543 1695 608 dicitur
1742 545 1855 628 qui
1898 546 1965 609 in
2016 544 2144 610 illis
2191 566 2362 629 quae
2410 546 2533 611 sibi
2581 567 2715 610 non

292 647 539 713 adsunt
599 649 963 726 extollitur,
989 669 1258 733 ¹magna
1317 649 1405 713 de
1465 669 1537 712 se
1595 649 1883 732 sapiens,
1971 670 2183 733 nuper
2233 670 2394 733 ergo
2441 648 2719 713 credens

293 761 363 818 et
392 753 709 836 baptismi
741 755 1027 838 gratiam
1060 755 1312 838 potitus
1343 764 1412 818 et
1442 752 1729 818 necdum
1762 755 1863 818 sui
1895 754 2218 838 propositi
2252 754 2715 838 probationem

291 858 618 939 praebens
668 879 884 942 neque
929 859 1298 923 secundum
1341 859 1647 922 ordinem
1699 858 1937 923 doctus
1980 858 2065 923 de
2116 859 2244 923 illis
2289 879 2463 942 quae
2508 859 2594 922 ad
2644 879 2717 924 se

292 963 716 1040 conueniunt,
763 964 817 1026 si
865 962 1227 1046 productus
1274 961 1468 1027 suerit
1520 961 1605 1026 ad
1657 961 1789 1027 hoc
1834 973 1906 1027 ut
1950 963 2116 1028 alios
2156 965 2300 1047 ipse
2340 964 2597 1041 doceat,
2628 962 2715 1026 ab
2792 967 2826 1036 5

293 1061 439 1144 ipsa
482 1063 902 1129 ordinatione
947 1064 1163 1129 elatus
1209 1085 1457 1147 magna
1502 1064 1804 1147 desipiet.
1893 1065 2006 1148 qui
2054 1073 2121 1129 et
2167 1064 2357 1149 quasi
2402 1065 2718 1148 magister

293 1165 543 1231 discere
588 1169 677 1233 ab
708 1169 930 1252 aliquo
963 1168 1296 1233 interdum
1341 1190 1473 1233 non
1512 1171 1820 1252 patietur,
1855 1191 1933 1233 eo
1967 1170 2148 1253 quod
2190 1171 2426 1234 doctor
2455 1169 2540 1233 sit
2573 1169 2717 1251 ipse

293 1273 731 1354 constitutus;
774 1274 1012 1338 docere
1057 1284 1284 1339 autem
1323 1275 1548 1351 nescit,
1583 1295 1665 1338 eo
1711 1276 1891 1358 quod
1941 1274 2247 1359 primitus
2279 1295 2416 1340 non
2461 1274 2711 1339 didicit.

295 1374 508 1440 elatus
539 1397 698 1441 uero
728 1379 958 1442 extitit
991 1379 1058 1440 in
1105 1377 1237 1442 illis
1280 1399 1454 1461 quae
1491 1379 1618 1442 sibi
1651 1379 2022 1443 secundum
2054 1379 2405 1444 ueritatem
2440 1378 2717 1442 minime

292 1482 578 1562 adsunt;
655 1504 829 1547 uane
874 1504 1033 1547 uero
1079 1483 1418 1548 extollens
1463 1504 1536 1547 se
1587 1493 1862 1567 propter
1923 1484 2285 1568 inpositam
2349 1482 2713 1566 magisterii

293 1588 604 1669 speciem,
636 1588 798 1652 nihil
829 1588 1091 1654 differre
1121 1588 1459 1653 uidebitur
1487 1588 1776 1665 diabole,
1808 1587 1919 1671 qui
1954 1589 2253 1653 minister
2294 1588 2423 1652 Dei
2455 1594 2716 1651 creatus

294 1711 470 1772 quae
523 1712 768 1776 magna
827 1693 912 1756 de
966 1713 1038 1756 se
1085 1714 1318 1777 sapere
1377 1701 1482 1756 est
1527 1693 1819 1767 adnisuS‚
1878 1694 2006 1757 Dei
2054 1694 2180 1758 sibi
2225 1695 2600 1759 adsciscens
2648 1701 2717 1758 et

294 1815 540 1859 nomen
573 1805 642 1859 et
671 1795 993 1860 honorem
1020 1817 1034 1874 ;
1084 1797 1150 1860 in
1183 1796 1311 1860 illis
1341 1817 1412 1861 se
1444 1795 1778 1861 extollens
1819 1818 1992 1880 quae
2022 1797 2148 1861 sibi
2182 1819 2316 1862 non
2349 1797 2717 1862 adhaerent

293 1899 540 1963 iustam
582 1899 816 1963 iudicis
857 1920 1147 1984 poenam
1187 1908 1523 1983 expectat.
1612 1900 1707 1965 ita
1758 1910 1832 1965 ut
1884 1900 2310 1966 manifestum
2353 1903 2441 1967 sit
2480 1924 2569 1967 ex
2609 1902 2715 1967 his

295 2001 459 2066 illud
481 2005 661 2088 quod
685 2001 808 2089 [in]
835 2006 1283 2089 superioribus
1305 2003 1712 2082 dicebamus,
1739 2007 2055 2089 quoniam
2080 2007 2323 2072 Paulus
2349 2030 2468 2092 per
2488 2008 2715 2074 omnia

294 2110 619 2192 propositi
664 2109 1130 2192 probationem
1175 2111 1464 2194 requirit,
1495 2109 1703 2173 talem
1749 2132 1895 2174 esse
1931 2119 2001 2174 et
2046 2113 2437 2195 episcopum
2478 2111 2713 2176 uolens

293 2215 407 2295 qui
459 2215 525 2277 in
579 2234 780 2299 opere
832 2217 1154 2299 propositi
1208 2217 1309 2280 sui
1358 2216 1763 2280 documenta
1822 2226 2158 2298 praestare
2217 2217 2443 2299 possit.
2535 2217 2717 2301 quod

291 2318 684 2400 baptismati
717 2320 953 2385 adesse
995 2341 1418 2405 nequaquam
1461 2329 1705 2404 potest,
1761 2321 2219 2385 remissionem
2257 2321 2435 2385 enim
2486 2342 2719 2404 pecca-

291 2429 514 2487 torum
562 2425 899 2508 baptisma
941 2435 1314 2508 praestat—
1329 2426 1382 2488 si
1429 2424 1525 2488 sic
1565 2422 1875 2488 absolute
1925 2433 2220 2508 excepto
2263 2424 2609 2508 proposito
2649 2434 2717 2489 et

395 2579 426 2624 4
459 2578 561 2611 non
590 2560 769 2627 (bgfad
791 2564 865 2625 se)
887 2563 994 2612 add
1008 2562 1078 2611 Η
1261 2561 1293 2613 6
1327 2558 1540 2627 desipiat
1563 2561 1633 2610 Η
2461 2575 2517 2625 15
2553 2561 2605 2611 in
2629 2560 2736 2625 (bes

293 2645 428 2709 sup.)
463 2659 542 2693 om
570 2644 614 2693 C
628 2644 694 2693 Η
700 2661 733 2693 r

2752 1493 2831 1541 10

1856 2562 1887 2609 8
1922 2574 2023 2609 non
2045 2559 2190 2625 prim.
2220 2575 2253 2609 r

365 2781 406 2817 1.
475 2766 621 2817 elatio
657 2766 791 2817 enim
837 2767 1032 2817 dicitur
1063 2768 1169 2832 qui,
1208 2766 1322 2829 &cal
1412 2763 1462 2815 If
1553 2762 1819 2814 lioth.c0d.
1839 2760 1965 2829 177),
1986 2763 2288 2830 throwlight
2302 2777 2368 2814 on
2387 2764 2472 2815 the
2486 2764 2722 2831 meaning

291 2847 434 2897 elatio
463 2848 506 2898 is
538 2856 746 2905 correct,
770 2848 856 2898 the
879 2849 982 2899 Gk.
1005 2864 1123 2913 may
1141 2849 1272 2899 have
1293 2850 1424 2899 been
1445 2868 1458 2900 ε

295 2932 447 2992 τύφος
466 2931 566 2993 γὰρ
587 2931 788 2993 λέγεται
812 2934 886 2987 (ot
916 2932 1072 2993 τύφον
1096 2932 1198 2994 ’γὰρ
1218 2933 1374 2995 λέγει)
1399 2934 1459 2982 τὸ

293 3014 376 3061 ἐπὶ
432 3012 531 3063 τοῖς
591 3014 683 3074 οὐχ
739 3010 1036 3075 ὑπάρχουσιν
1100 3014 1456 3075 ὑπεραίρεσθαι.

294 3092 406 3143 The
442 3094 641 3142 remark
675 3094 720 3143 is
751 3095 985 3159 repeated
1016 3094 1069 3143 in
1097 3095 1361 3144 substance
1390 3110 1456 3145 on

293 3192 339 3225 c.
364 3176 432 3225 vi.
455 3194 516 3240 43
549 3176 614 3226 cf.
645 3176 730 3226 the
762 3192 943 3226 comm.
979 3191 1045 3225 on
1084 3191 1109 3223 ἰ
1146 3177 1279 3226 Tim.
1311 3176 1382 3225 iii.
1407 3195 1457 3240 4,

293 3258 476 3318 where,
525 3258 775 3320 however,
822 3259 1153 3320 τετυφωμένος
1207 3259 1250 3309 is
1293 3274 1456 3323 repre-

292 3342 468 3391 sented
511 3342 581 3406 by
624 3340 848 3403 inflatus,
897 3342 1055 3390 elatus
1096 3342 1286 3406 having
1327 3342 1456 3391 been

292 3423 416 3472 used
437 3422 515 3472 for
536 3421 727 3481 ἀλαζών
748 3422 800 3471 in
821 3438 870 3472 v.
897 3438 944 3471 2.

366 3519 442 3555 ιο.
509 3505 744 3555 extollens
846 3503 1096 3567 honorem]
1184 3504 1334 3555 Cited
1390 3504 1460 3569 by

293 3586 562 3637 Lanfranc.

365 3688 385 3721 1
399 3688 441 3721 1·
507 3671 647 3719 nihil
663 3669 860 3735 differre
888 3670 988 3721 uid.
1017 3670 1226 3731 diabolo]
1271 3669 1458 3720 Thdt.=

291 3750 377 3811 τῆς
415 3750 689 3813 ἀλαζονείας
723 3753 781 3801 τὸ
815 3750 963 3801 πάθος
997 3752 1052 3799 ἐκ
1083 3749 1168 3811 τῆς
1207 3752 1456 3814 προεδρίας

293 3832 542 3894 δεξάμενος
564 3832 628 3895 τῇ
647 3832 734 3883 τοῦ
765 3832 996 3897 διαβόλου
1024 3836 1225 3895 τιμωρίᾳ
1256 3851 1453 3895 περιπε-

289 3916 467 3965 σεῖται.
535 3916 679 3979 κρίμα
719 3916 822 3978 γὰρ
857 3916 1063 3964 ἐνταῦθα
1100 3916 1190 3975 τὴν
1225 3916 1458 3977 τιμωρίαν

291 4000 544 4051 ἐκάλεσεν.

365 4081 439 4134 16.
495 4081 744 4148 propositi
751 4080 893 4146 prob.
913 4080 1146 4147 requirit]
1183 4080 1278 4131 See
1295 4080 1457 4131 above

289 4182 358 4216 on
381 4180 431 4215 v.
457 4180 502 4215 α.

362 4250 438 4299 18.
505 4246 834 4298 remis-sionem
933 4246 1177 4311 baptisma
1209 4245 1460 4311 praestat]

292 4331 340 4380 A
366 4330 614 4395 fragment
636 4344 694 4381 or
716 4336 817 4379 two
847 4328 907 4378 of
928 4327 1076 4378 Th.’s
1109 4328 1310 4378 treatise
1339 4328 1459 4391 πρὸς

288 4414 400 4461 τοὺς
431 4413 669 4472 λέγοντας
698 4413 846 4472 φύσει
872 4411 952 4460 καὶ
978 4412 1034 4459 οὔ
1060 4411 1234 4472 ’γνώμῃ
1263 4410 1458 4458 πταίειν

285 4496 398 4546 τοὺς
420 4492 696 4553 ἀνθρώπους
719 4492 984 4558 preserved
1009 4492 1074 4556 by
1099 4491 1308 4543 Photius
1343 4491 1459 4552 (bib-

471 4604 523 4655 S.
587 4604 666 4654 11.

1555 2846 1723 2896 which
1746 2862 1837 2896 our
1858 2845 2043 2897 author
2070 2847 2301 2896 attached
2332 2853 2386 2895 to
2416 2846 2504 2896 the
2532 2845 2721 2913 baptis-

1556 2928 1661 2977 mal
1698 2927 1978 2977 remissiori.
2046 2928 2257 2979 Photius
2298 2929 2569 2979 maintains
2612 2930 2723 2980 that

1559 3011 1624 3061 he
1658 3010 1835 3075 taught
1870 3018 1972 3060 two
2002 3009 2219 3073 ἀφέσεις,
2258 3012 2351 3071 τὴν
2381 3014 2470 3073 μὲν
2501 3016 2600 3062 τῶν
2637 3032 2721 3063 πε-

1557 3094 1867 3155 πραγμένων,
1882 3096 1972 3153 τὴν
1996 3095 2175 3145 &mdis
2198 3095 2373 3145 ἐκεῖνος
2393 3097 2549 3158 λέγει,
2571 3098 2725 3155 αὐτὴν

1556 3178 1647 3237 τὴν
1677 3174 2055 3239 ἀναμαρτησίαν,
2084 3174 2193 3237 ἤτοι
2217 3178 2275 3227 τὸ
2298 3180 2472 3239 μηκέτι
2506 3179 2720 3245 ἆααρτά-

1556 3256 1838 3321 νειν...ὅπερ
1857 3261 1884 3310 δ
1905 3262 1993 3320 μὲν
2013 3260 2149 3321 ὀρθὸς
2181 3262 2326 3323 λόγος
2359 3260 2725 3325 ἀναμαρτησίαν

1557 3341 1697 3399 οἶδεν,
1724 3337 1857 3390 οὗτος
1880 3341 1933 3388 δέ
1960 3338 2136 3402 ἄφεσιν
2157 3339 2399 3403 α’μαρτιῶν
2424 3344 2619 3391 τελείαν
2641 3346 2722 3393 καὶ

1557 3421 1855 3482 κυριωτάτην
1894 3422 1975 3468 καὶ
2020 3418 2263 3481 ἀναίρεσιν
2308 3422 2451 3469 καλεῖ
2490 3421 2723 3483 ἁμαρτίας

1559 3500 1796 3559 παντελῆ.
1867 3500 2112 3550 Whether
2134 3501 2233 3551 Th.
2252 3502 2469 3565 actually
2489 3502 2649 3567 spoke
2671 3503 2730 3552 of

1559 3582 1643 3634 δύο
1664 3582 1861 3645 ἀφέσεις
1882 3584 1925 3632 is
1946 3589 2035 3632 not
2070 3582 2204 3632 clear
2228 3582 2357 3633 from
2381 3583 2509 3641 this3
2543 3584 2634 3634 but
2656 3584 2723 3635 he

1556 3668 1799 3733 certainly
1820 3666 2067 3717 extended
2101 3666 2188 3716 the
2220 3672 2346 3716 term
2376 3664 2547 3727 ἄφεσις
2579 3684 2637 3718 so
2667 3685 2723 3719 as

1557 3758 1612 3802 to
1652 3750 1853 3801 include
1892 3750 1979 3799 the
2016 3748 2137 3798 final
2172 3747 2384 3799 release:
2426 3746 2602 3811 ἤρξατο
2634 3752 2724 3808 μὲν

1561 3831 1754 3897 (φησὶν)
1801 3832 2147 3895 ἐμφανίζεσθαι
2188 3827 2286 3879 ἀπὸ
2328 3831 2415 3889 τῆς
2458 3832 2584 3879 κατὰ
2634 3834 2720 3881 τὸν

1557 3915 1802 3974 δεσπότην
1835 3913 2046 3976 Χριστὸν
2077 3914 2343 3971 οἰκονομίας
2380 3913 2458 3961 καὶ
2494 3914 2546 3961 έν
2579 3910 2719 3975 ἀρρα-

1555 3998 1710 4059 βῶνος
1732 3994 1845 4055 ἡμῖν
1866 3994 2080 4043 διδόσθαι
2095 3992 2245 4053 τάξει·
2264 3994 2446 4043 δίδοται
2461 3994 2513 4042 δὲ
2528 3996 2722 4046 τελείως

1557 4082 1637 4131 καὶ
1660 4080 1738 4129 ἐπ’
1762 4081 1921 4130 αὐτοῖς
1940 4080 2100 4141 ἔργοις
2128 4080 2179 4127 έν
2203 4073 2269 4140 τῆ
2296 4079 2422 4137 μετὰ
2452 4076 2543 4139 τὴν
2574 4076 2719 4128 ἀνάσ-

1556 4180 1699 4213 τασιν
1732 4160 2141 4212 &roxane-roim.
2212 4162 2293 4212 Cf.
2327 4162 2413 4212 the
2443 4178 2630 4214 comm.
2653 4181 2721 4215 on

1559 4246 1671 4297 Col.
1700 4245 1735 4295 i.
1766 4262 1841 4308 14,
1867 4252 2053 4311 supra,·
2086 4244 2189 4295 and
2220 4260 2305 4295 see
2338 4246 2592 4309 Neander,
2628 4249 2720 4299 Ch.

1558 4328 1633 4377 H.
1661 4340 1737 4377 tv.
1762 4344 1812 4393 p.
1837 4340 1900 4389 43
1912 4342 1950 4377 1.

1631 4420 1706 4470 19.
1772 4408 1820 4456 si
1840 4407 1909 4455 sic
1929 4407 2157 4469 absolute,
2188 4407 2301 4471 δια]
2370 4408 2439 4459 Cf
2441 4448 2451 4461 .
2474 4420 2644 4475 supra,
2666 4428 2714 4476 p.

1565 4504 1673 4552 107,
1698 4490 1731 4539 1.
1762 4504 1841 4549 21,
1877 4498 2025 4551 note3
2058 4492 2157 4541 and
2182 4506 2264 4541 see
2288 4494 2420 4557 Aug.
2444 4494 2502 4542 de
2522 4494 2651 4559 bapt.
2676 4512 2713 4545 c.

2506 4590 2543 4650 8
