3250 5025
297 375 414 442 IV.
455 374 662 461 1-3,]
1024 386 1108 440 IN
1155 387 1262 440 ΕΡ.
1310 383 1414 436 AD
1459 383 1923 464 TIMOTHEUM
1974 385 2019 437 1.

2601 387 2721 453 ι39

293 559 608 636 debeant,
639 578 762 622 nec
793 577 837 621 a
865 556 1149 620 ueritate
1179 552 1525 628 dimoueri,
1558 552 1614 616 si
1659 560 1890 618 tamen
1922 553 2117 617 firma
2146 561 2215 618 et
2246 572 2382 618 non
2412 553 2722 620 absolute

293 661 536 726 horum
567 660 898 726 consessio
930 659 1111 742 apud
1142 658 1374 723 fideles
1405 657 1863 740 permanserit.
1948 657 2195 722 adiecit
2227 667 2296 722 et
2324 657 2547 724 aliud:

433 828 732 912 Spiritus
759 837 976 892 autem
1008 826 1355 909 manifeste
1380 823 1543 888 dicit
1577 823 1885 908 quoniam
1919 825 1987 890 in
2019 823 2397 888 nouis-simis
2426 825 2721 908 tempori-

298 933 419 998 bus
473 931 795 996 discedent
847 931 1120 1014 quidam
1164 950 1209 991 a
1249 926 1410 1012 fide,
1467 927 1879 993 adtendentes
1933 928 2277 1012 spiritibus
2344 931 2591 994 erroris
2660 942 2725 996 et

298 1033 613 1098 doctrinis·
663 1032 1147 1096 daemoniorum
1210 1029 1280 1092 in
1338 1029 1699 1111 hypocrisin
1758 1029 2459 1114 mendacffloqukrum,
2512 1043 2721 1097 caute·-
2794 1039 2825 1108 5

299 1134 546 1199 riatam
589 1134 960 1200 habentium
1003 1152 1195 1196 suam
1238 1132 1707 1212 conscientiam,
1722 1131 2207 1214 prohibentium
2249 1132 2493 1211 nubere,
2524 1132 2723 1198 absti-

298 1260 446 1303 nere
473 1261 518 1302 a
545 1239 720 1305 cibis.

431 1385 708 1453 euidens
743 1385 1015 1473 quidem
1053 1385 1373 1468 quoniam
1411 1382 1578 1448 haec
1618 1383 1783 1448 dicit
1829 1383 2064 1448 beatus
2112 1379 2357 1448 Paulus
2396 1403 2532 1448 non
2564 1382 2723 1467 quia

299 1494 461 1555 tunc
492 1485 626 1550 iarn
657 1487 837 1570 apud
883 1487 1144 1574 aliquos
1185 1495 1544 1569 coeperant
1585 1486 1715 1550 ista
1749 1486 2060 1569 profiteri,
2094 1489 2211 1552 sed
2258 1489 2439 1571 quod
2486 1497 2723 1571 postea

301 1589 432 1654 ista
489 1598 681 1654 erant
739 1590 828 1653 ab
885 1589 1268 1653 hominibus
1327 1589 1727 1676 principium
1800 1598 2168 1671 sumptura.
2254 1609 2411 1654 nam
2473 1600 2542 1654 et
2594 1591 2723 1656 ista
2757 1601 2835 1649 10

301 1713 386 1758 eo
417 1693 670 1776 Spiritu
711 1693 1108 1776 cognouisse
1139 1693 1538 1776 designauit,
1576 1702 1644 1756 et
1676 1694 1857 1775 quod
1890 1694 1956 1756 in
1990 1693 2369 1758 nouissimis
2406 1698 2725 1780 tempori-

302 1795 430 1860 bus
459 1795 594 1858 sint
624 1793 846 1860 futura
877 1795 1354 1880 pronuntiauit.
1406 1793 1811 1878 †coniunxit
1842 1815 2001 1859 uero
2035 1817 2115 1860 ea
2146 1795 2277 1860 illis
2308 1800 2724 1864 sermonibus

301 1917 476 1985 quae
519 1896 606 1964 de
651 1895 920 1960 Christo
965 1895 1226 1960 fuerant
1269 1897 1466 1974 dicta,
1499 1917 1635 1960 non
1679 1896 2002 1974 absolute,
2048 1899 2165 1962 sed
2210 1900 2528 1982 quoniam
2574 1899 2726 1964 illos

303 2003 488 2090 ipsos
537 2001 788 2068 sciebat
847 2000 1016 2064 tales
1075 2021 1220 2064 esse
1268 2000 1522 2064 futuros
1567 2001 1682 2086 qui
1742 2010 1809 2064 et
1868 2002 2137 2084 nuptias
2188 2011 2257 2066 et
2304 2023 2491 2067 escas
2535 2013 2727 2069 erant

302 2105 698 2188 adempturi,
743 2105 939 2170 simul
985 2113 1310 2188 negantes
1353 2113 1422 2168 et
1469 2104 1651 2191 quod
1701 2112 2009 2184 suscepta
2054 2102 2249 2168 suerit
2292 2125 2446 2169 caro
2490 2125 2533 2169 a
2576 2106 2725 2169 Deo
2760 2115 2828 2184 15

245 2206 248 2210 ’
302 2209 568 2287 Verbo;
617 2209 872 2292 optime
907 2229 1068 2292 ergo
1104 2229 1186 2272 ea
1229 2229 1384 2272 cum
1422 2206 1554 2270 illis
1601 2206 2004 2290 complexus
2050 2207 2213 2286 θεῖ’,
2264 2220 2341 2273 ut
2388 2211 2728 2275 uideretur

301 2310 602 2378 insistere
633 2329 722 2372 ex
745 2318 1026 2396 utroque
1049 2307 1254 2373 latere
1283 2310 1472 2397 quasi
1501 2311 1821 2373 aduersus
1850 2329 2058 2372 unum
2089 2311 2521 2392 propositum.
2570 2333 2726 2378 nam

305 2422 374 2482 et
421 2410 862 2476 Manichaeos
907 2420 977 2475 et
1021 2411 1494 2476 Marcionistas
1533 2420 1602 2475 et
1648 2431 1765 2474 eos
1804 2411 2037 2494 quide
2066 2410 2543 2477 Valentiniana
2572 2424 2728 2480 sunt

437 2579 864 2669 ἐπισυνῆψεν
898 2580 1112 2645 ταῦτα
1147 2585 1286 2651 τοῖς
1329 2578 1483 2665 περὶ
1523 2586 1643 2647 τοῦ
1686 2582 1991 2667 Χριστοῦ
2030 2578 2277 2664 λόγοις,
2306 2578 2433 2671 οὐχ
2478 2579 2730 2664 ἅπλῶς,

305 2680 462 2749 ἀλλ’
517 2684 744 2766 ἐπειδὴ
795 2684 944 2757 τοὺς·
991 2683 1230 2755 αὐτοὺς
1280 2683 1622 2766 ἠπίστατο
1670 2684 1948 2751 ἔσεσθαι
1991 2681 2143 2755 τοὺς
2187 2682 2348 2772 περί
2381 2708 2455 2751 τε
2500 2684 2730 2769 ’γάμων
2753 2700 2839 2748 20

305 2785 422 2855 καὶ
446 2784 825 2873 βρωμάτων
856 2788 1072 2854 ἐκεῖνα
1107 2786 1554 2876 ἀναιροῦντας,
1583 2784 1700 2853 καὶ
1740 2784 1817 2851 τὸ
1862 2784 2264 2874 ἀνειλῆφθαι
2292 2784 2515 2874 σάρκα
2543 2785 2732 2874 παρὰ

305 2893 424 2957 τοῦ
475 2889 626 2959 θεοῦ
676 2887 881 2981 λόγου
929 2888 1300 2977 μέλλοντας
1345 2887 1655 2977 ἀναιρεῖν,
1698 2886 1963 2961 εἰκότως
2006 2886 2178 2955 αὐτὰ
2224 2888 2491 2961 ἐκείνοις
2541 2888 2732 2957 συνέ-

303 2994 563 3077 πλεξεν.

410 3145 432 3179 1
469 3130 698 3183 obsolute
731 3131 802 3182 H

301 3226 335 3271 4
367 3210 662 3263 discendent
687 3210 765 3261 C*

312 3293 429 3345 CH
475 3293 788 3359 loquentium
811 3293 1128 3346 mendacium
1154 3310 1187 3343 r

312 3376 436 3426 CH
491 3382 541 3425 et
565 3384 730 3427 cetera
749 3391 782 3425 r

308 3456 657 3511 Marcianistas
685 3456 730 3507 C
741 3456 810 3525 ῌ
825 3454 836 3523 1
865 3454 1210 3510 Valentiniani
1238 3457 1282 3507 C
1295 3456 1360 3510 H
1370 3472 1403 3504 r

305 3541 623 3607 ἐτισννῆψεν,
644 3541 786 3589 cml.
1034 3555 1095 3595 22
1119 3541 1270 3602 λόγον
1284 3540 1370 3593 Cr.

379 3680 422 3722 1.
492 3664 758 3727 dimoum]
791 3665 874 3719 Sc.
902 3665 1083 3716 debeat
1105 3664 1462 3729 [Timotheus].

375 3758 424 3809 5·
491 3746 1042 3812 mendaczvoqujorum]
1091 3748 1468 3801 Mmdaamm

307 3827 411 3893 (see
431 3843 513 3879 vv.
537 3828 614 3889 ll.)
646 3831 690 3878 is
722 3829 971 3893 probably
1002 3844 1034 3877 a
1064 3830 1299 3893 copyist’s
1332 3842 1469 3881 error

305 3910 386 3961 for
418 3911 911 3975 mendactssoquomm,
955 3910 1122 3962 which
1161 3911 1186 3960 1
1225 3910 1354 3965 have
1392 3926 1464 3959 re·

307 3994 477 4045 stored
510 3994 640 4049 stom
683 3994 772 4047 the
809 3994 870 4043 0.
891 3994 958 4049 L.
1025 3994 1136 4045 The
1179 3993 1332 4057 Vulg.
1375 3993 1468 4045 has

310 4074 668 4140 “loquentium
706 4073 1074 4129 mendacium.”
1139 4073 1226 4125 On
1259 4074 1464 4126 emiteri-

306 4164 463 4215 atam,
486 4172 568 4207 see
584 4156 805 4215 R‘onsch,
826 4157 982 4217 Itala,
1011 4172 1062 4221 p.
1095 4170 1203 4219 145.

371 4240 423 4290 8.
488 4254 592 4289 non
625 4241 748 4305 quia
782 4246 916 4299 tunc,
958 4238 1078 4300 &c.]
1143 4238 1360 4302 Chrys.=
1411 4240 1466 4291 οὔ

308 4324 420 4387 περὶ
453 4322 700 4373 Ἰουδαίων
735 4324 872 4384 λέγει
907 4324 1082 4371 ταῦτα·
1132 4322 1236 4370 πῶς
1271 4322 1372 4384 ’γὰρ
1407 4322 1465 4369 τὸ

314 4407 390 4456 ’ἐν
410 4404 624 4468 ὑστέρας
647 4401 875 4467 camois?
907 4402 1072 4467 Prqfi,
1099 4402 1312 4468 passive.

380 4500 456 4541 11-
523 4501 576 4542 oa
611 4484 836 4557 spirutu]
901 4483 1466 4549 For.leg.etSpiritu;

1080 3146 1110 3181 2
1145 3130 1328 3184 adiecit
1363 3138 1415 3180 et
1449 3130 1587 3183 aliud
1623 3147 1704 3183 om
1740 3147 1773 3179 r

981 3224 1008 3275 5
1043 3212 1264 3262 doctoris
1291 3212 1370 3262 C*
1401 3209 1411 3275 Ι
1439 3212 1731 3277 hipocrisint
1756 3210 1865 3277 (sic)
1894 3213 1937 3264 C
1987 3212 2238 3278 hypocrisi
2260 3231 2293 3264 r
2318 3212 2327 3279 Ι
2354 3218 2730 3268 mendaciorum

1390 3292 1422 3343 6
1468 3310 1610 3346 suam
1636 3310 1714 3343 om
1736 3311 1769 3343 r
1997 3304 2024 3359 7
2064 3301 2113 3344 et
2136 3295 2327 3361 reliqua
2350 3296 2445 3363 (afl
2463 3298 2608 3361 cibis)
2631 3300 2738 3349 add

976 3378 1007 3426 8
1041 3383 1090 3427 et
1111 3376 1290 3425 uidens
1313 3373 1427 3443 (for
1447 3372 1669 3439 euidens)
1700 3376 1744 3426 C
1756 3373 1787 3402 ¹*

1978 3391 2035 3425 12
2070 3390 2133 3427 ex
2170 3376 2285 3441 (sor
2308 3380 2389 3439 ea)
2410 3380 2480 3429 H
2668 3382 2729 3431 18

1636 3470 1697 3523 19
1718 3473 1795 3522 sq.
1820 3454 1978 3506 Coisl.
2009 3472 2121 3519 204,
2144 3456 2180 3508 f.
2210 3472 2301 3506 201
2330 3458 2363 3507 b
2385 3458 2493 3523 [Cr.
2530 3460 2613 3510 vii.
2642 3462 2729 3526 32]

1568 3664 1738 3715 unless
1766 3682 1815 3715 eo
1843 3672 2122 3730 represents
2154 3666 2241 3716 the
2272 3666 2445 3717 article
2476 3667 2721 3732 (Rom-mh,

1567 3746 1723 3807 Itala,
1751 3761 1801 3810 p.
1831 3761 1893 3808 42
1899 3744 1967 3808 3).

1640 3843 1714 3879 12.
1786 3827 2049 3877 coniunxi?
2084 3842 2185 3876 non
2222 3826 2451 3891 absolute]
2516 3829 2631 3880 The
2674 3830 2728 3880 δέ

1568 3908 1629 3957 of
1661 3924 1704 3959 c.
1749 3907 1813 3957 iv.
1866 3923 1908 3957 1.
1947 3907 2082 3957 links
2120 3908 2220 3958 this
2254 3908 2513 3973 prophecy
2546 3917 2603 3959 to
2636 3910 2727 3961 the

1568 3992 1700 4041 locus
1731 3990 1956 4040 classim
1984 4004 2051 4039 on
2086 3989 2173 4040 the
2203 3990 2525 4042 Incarnation
2559 3992 2725 4044 which

1565 4072 1657 4122 has
1668 4070 1773 4135 just
1793 4071 2056 4137 preceded·
2129 4072 2145 4097 ⁸
2158 4072 2321 4121 There
2337 4072 2379 4121 is
2401 4086 2433 4122 a
2454 4074 2588 4123 close
2610 4088 2724 4125 oon·

1565 4154 1752 4205 nexion
1778 4155 2007 4205 between
2042 4154 2131 4205 the
2158 4154 2327 4206 denial
2361 4155 2419 4205 of
2446 4156 2531 4208 the
2556 4158 2723 4208 Incar-

1566 4236 1739 4289 nation
1771 4237 1872 4287 and
1901 4238 1989 4288 the
2010 4237 2134 4289 false
2155 4239 2431 4291 asceticism
2453 4240 2621 4291 which
2636 4242 2723 4293 the

1565 4317 1781 4382 Apostle
1802 4316 2051 4367 soreseae?

1636 4400 1713 4449 18.
1784 4398 2124 4461 Manichaeos]
2191 4398 2273 4451 Cf.
2315 4412 2355 4449 Ι.
2388 4416 2443 4465 p.
2479 4414 2525 4463 5,
2566 4402 2601 4451 1.
2642 4418 2719 4462 ιι,

1565 4490 1701 4533 note.
1770 4481 1949 4545 Chrys.
1987 4482 2062 4531 ad
2092 4482 2143 4533 h.
2170 4483 2233 4533 l.:
2287 4484 2397 4546 περὶ
2434 4484 2723 4547 Μανιχαίων

2044 3148 2073 3197 3
2108 3132 2195 3182 dat
2234 3128 2350 3197 (for
2384 3133 2527 3197 dicit)
2570 3132 2649 3185 C*
2670 3136 2742 3186 H
