3250 5025
31 4952 43 4982 u·—

402 366 859 420 FRAGMENTS
905 368 1000 420 OF
1046 369 1203 421 THE
1247 371 1646 423 DOGMATIC
1690 368 1958 424 WORKS
2005 373 2101 424 OF
2145 373 2573 426 THEODORE.
2641 371 2762 441 335

342 538 623 600 omnibus
669 539 966 617 existeret,
1004 544 1221 622 Moyse
1269 543 1411 606 dico
1456 554 1515 606 et
1558 543 1865 624 prophetis
1913 544 2341 623 apostolisque,
2381 544 2478 605 uel
2525 540 2768 620 reliquis

342 638 621 699 omnibus
656 641 733 700 de
772 639 987 716 quibus
1020 641 1104 702 ait
1142 641 1525 704 beatissimus
1566 645 1789 703 Paulus
1837 645 2044 720 quibus
2083 645 2290 720 dignus
2318 661 2432 702 non
2457 643 2585 702 erdt
2609 659 2769 700 mun·

341 736 533 806 dus*‚·
574 736 659 797 ita
686 750 769 812 ut,
801 739 916 799 illis
947 739 1215 814 mortuiS,
1247 740 1377 818 ipse
1406 745 1570 803 solus
1597 741 1730 802 sine
1757 741 1966 802 mortis
2005 741 2370 820 experientia
2403 741 2763 818 perduraret.

344 835 451 894 sed
505 832 625 893 iam
670 836 749 895 ab
798 835 970 898 initio
1014 839 1133 898 hoc
1178 840 1345 899 Deus
1402 838 1611 899 habuit
1669 839 1833 915 apud
1889 859 1954 899 se
2010 838 2338 913 definitum,
2389 847 2456 898 ut
2510 838 2766 915 primum

342 930 590 1008 quidem
632 935 913 995 mortales
951 937 1179 1009 fierent,
1224 938 1617 1014 postmodum
1658 956 1802 998 uero
1843 937 2270 998 inmortalitate
2305 939 2648 1015 gauderent,
2681 935 2767 995 sic
2833 950 2866 1011 5

342 1029 424 1090 ad
450 1028 767 1091 utilitatem
796 1043 1060 1092 nostram
1088 1033 1215 1094 fieri
1242 1033 1371 1112 ipse
1400 1034 1744 1112 disponens.
1920 1035 1958 1073 '‘-
2124 1034 2159 1067 ἃ
2326 1033 2360 1066 ⁴*
2525 1033 2566 1070 '¹'
2730 1033 2766 1068 ’ὖ

344 1127 711 1189 manifestius
742 1131 893 1192 haec
927 1133 1139 1193 eadem
1175 1136 1345 1193 Deus
1379 1131 1662 1204 ostendit,
1694 1152 1831 1192 cum
1869 1135 2145 1194 transfert
2187 1135 2398 1193 Enoch
2446 1143 2507 1194 et
2547 1131 2767 1194 inmor-

344 1225 527 1286 talem
569 1226 710 1287 facit
750 1247 890 1290 nam
928 1229 977 1290 si
1010 1250 1119 1308 per
1148 1243 1464 1308 peccatum
1508 1251 1690 1292 causa
1727 1231 2004 1310 supplicii
2045 1233 2214 1292 Deus
2257 1231 2456 1292 intulit
2492 1240 2763 1309 mortem,

346 1343 461 1386 nec
504 1324 649 1386 olim
694 1327 1007 1388 definitum
1052 1330 1171 1389 hoc
1203 1328 1415 1390 habuit
1463 1331 1628 1407 apud
1677 1349 1762 1404 se,
1813 1329 2190 1391 ineffabiliter
2233 1349 2344 1408 pro
2392 1329 2568 1391 nobis
2605 1331 2768 1389 iuxta

345 1420 645 1499 propriam
702 1423 1056 1502 sapientiam
1111 1435 1331 1485 cuncta
1370 1425 1772 1504 dispensanS,·
1807 1445 2190 1504 nequaquam
2247 1426 2462 1486 Enoch
2523 1423 2767 1502 quidem
2799 1439 2872 1480 10

344 1517 675 1582 inmortalis
728 1521 1022 1592 existeret,
1072 1522 1356 1583 dominus
1398 1535 1601 1585 autem
1646 1523 1917 1584 Christus
1959 1525 2042 1585 ad
2085 1522 2291 1584 mortis
2341 1520 2766 1600 experientiam

348 1617 702 1692 perueniret.
750 1620 787 1657 '⁶
1032 1620 1070 1658 ’ὅ
1316 1619 1351 1653 '⁵
1596 1617 1632 1650 ⁴*
1877 1621 1914 1658 ’ὅ
2160 1622 2198 1658 ⁴⁶
2444 1620 2482 1656 ὓ
2726 1617 2766 1656 ⁸*

468 1713 691 1775 idcirco
735 1715 1034 1777 Dominus
1077 1728 1285 1780 auctor,
1325 1717 1596 1778 omnium
1640 1721 1937 1779 bonorum
1966 1717 2312 1779 hominibus
2341 1719 2530 1777 factus
2560 1725 2668 1788 est,
2697 1725 2766 1775 ut

348 1809 503 1872 sicut
537 1813 735 1873 Adam
774 1812 949 1890 primi
979 1824 1040 1874 et
1067 1812 1331 1874 mortalis
1367 1825 1553 1875 status
1582 1814 1772 1875 extitit
1800 1815 2129 1889 inchoator,
2160 1814 2243 1874 ita
2271 1826 2330 1876 et
2358 1814 2487 1890 ipse
2515 1811 2765 1874 secundi

349 1917 409 1966 et
452 1907 783 1970 inmortalis
827 1921 1012 1971 status
1062 1910 1320 1972 existens
1369 1910 1648 1985 initiator,
1691 1911 1964 1990 primitus
2009 1914 2181 1974 Adae
2223 1913 2432 1990 prioris
2476 1913 2765 1974 naturalia
2795 1925 2865 1988 15

347 2005 690 2079 custodiret,
723 2009 868 2068 dum
906 2008 1168 2069 nascitur
1202 2027 1278 2068 ex
1314 2007 1578 2081 muliere,
1616 2009 1763 2068 dum
1793 2008 2008 2087 pannis
2035 2009 2362 2070 inuoluitur
2388 2020 2448 2070 et
2476 2010 2762 2087 paulatim

348 2101 557 2162 aetatis
611 2103 981 2165 incrementa
1037 2103 1517 2166 sortitur—Iesus
1572 2105 1735 2165 enim
1798 2104 2040 2184 (inquit)
2095 2105 2432 2182 proficiebat
2478 2115 2661 2166 aetate
2713 2113 2768 2166 et

349 2199 633 2273 sapientia
660 2207 717 2258 et
732 2201 931 2276 gratia
965 2219 1155 2260 coram
1189 2203 1319 2260 Deo
1348 2209 1401 2259 et
1434 2203 1760 2261 hominibus
1779 2203 2044 2275 †—dum
2085 2200 2601 2263 circumcisionem
2643 2222 2766 2263 sus-

352 2297 512 2375 cipit,
544 2299 690 2357 dum
718 2297 881 2358 iuxta
908 2300 1161 2375 legalem
1190 2297 1688 2359 consuetudinem
1720 2300 1854 2358 Deo
1885 2298 2130 2359 adstetit
2157 2297 2220 2358 in
2251 2301 2496 2378 templo,
2517 2298 2770 2377 parenti-

350 2395 584 2472 busque
619 2394 908 2456 subicitur
946 2405 1008 2456 et
1050 2394 1489 2455 conuersationi
1531 2394 1832 2472 legitimae
1874 2395 2263 2473 mancipatur.
2349 2394 2436 2456 sic
2475 2396 2655 2457 etiam
2689 2397 2771 2457 ad
2799 2413 2874 2453 20

352 2491 749 2569 expletionem
780 2491 1141 2570 reliquorum
1180 2504 1240 2553 et
1274 2502 1545 2567 mortem,
1586 2502 1798 2570 utpote
1836 2502 2082 2553 naturae
2120 2492 2429 2567 tributum,
2464 2505 2769 2572 postremo

354 2589 623 2668 suscipit,
667 2602 735 2651 ut
778 2592 1109 2652 secundum
1159 2592 1353 2669 legem
1400 2592 1704 2651 humanae
1751 2601 1996 2651 naturae
2041 2590 2302 2651 moriens
2346 2602 2408 2652 et
2444 2612 2480 2651 a
2523 2590 2771 2653 mortuis

354 2684 561 2747 diuina
594 2685 813 2749 uirtute
858 2707 1187 2765 resurgenS,
1214 2686 1450 2749 initium
1488 2686 1722 2749 cunctis
1759 2687 2104 2749 hominibus
2140 2687 2244 2765 qui
2279 2700 2535 2750 mortem
2563 2708 2774 2750 secun-

353 2783 499 2844 dum
542 2785 842 2864 propriam
886 2797 1155 2846 naturam
1212 2785 1544 2863 suscipiunt
1587 2788 1755 2846 fieret
1799 2797 1865 2846 ut
1915 2805 1954 2845 a
1997 2784 2245 2847 mortuis
2291 2797 2532 2865 surgant
2577 2797 2638 2847 et
2692 2786 2772 2848 ad

350 2880 729 2945 inmortalem
783 2883 1177 2946 substantiam
1232 2894 1695 2946 commutentur.
1781 2882 1934 2944 sicut
1987 2884 2150 2945 enim
2206 2887 2543 2947 conformes
2597 2887 2772 2947 Adae
2799 2897 2872 2960 25

252 3008 259 3015 ·
353 2985 685 3045 secundum
728 2993 949 3043 statum
990 2992 1365 3061 praesentem
1405 3001 1611 3042 sumus
1649 3000 1860 3042 omnes
1890 2980 2104 3056 effecti,
2135 2982 2222 3042 sic
2251 2981 2491 3044 Christo
2519 2982 2772 3044 domino

353 3083 690 3143 conformes
739 3080 1061 3141 efficiemur
1108 3080 1171 3139 in
1220 3091 1539 3157 posterum.
1629 3079 2070 3155 tranfflrabit
2107 3078 2269 3140 enim
2311 3091 2510 3158 corpus
2540 3082 2774 3141 humili-

353 3182 493 3238 tatis
533 3186 763 3238 nostrae
802 3179 1081 3252 conforme
1109 3177 1258 3254 fieri
1290 3180 1541 3252 corpor-zze
1572 3178 1796 3251 gloriae
1841 3176 2022 3251 eiusss.
2109 3187 2194 3236 et:
2255 3180 2452 3253 qualis·
2491 3185 2772 3252 terrenus,

354 3274 497 3331 tales
536 3280 592 3331 et
626 3275 843 3331 terreni
846 3296 869 3341 ,·
910 3279 965 3332 et
992 3273 1185 3347 qualis
1222 3273 1479 3342 caelestis,
1509 3272 1650 3329 taks
1674 3277 1731 3329 et
1753 3272 2010 3331 caelestes.
2097 3280 2184 3329 et:
2233 3274 2385 3331 sicut
2399 3275 2774 3350 por-lauimus

354 3362 657 3444 imaginem
695 3370 925 3441 terreni,
958 3374 1255 3446 portemus
1293 3368 1467 3425 etiam
1510 3369 1814 3442 imaginem
1855 3368 2150 3442 caelesti55
2238 3369 2565 3429 ostendens
2607 3371 2771 3446 quod
2800 3392 2879 3449 30

356 3465 535 3543 primi
588 3476 777 3526 status
844 3466 1017 3526 Adae
1081 3461 1401 3541 participes
1462 3462 1621 3536 facti,
1671 3461 2006 3523 necessario
2053 3462 2234 3522 etiam
2285 3464 2533 3526 secundi
2577 3468 2770 3542 Adae,

357 3561 577 3625 Christi
605 3561 851 3635 domini,
872 3562 1205 3623 secundum
1234 3578 1475 3620 carnem
1504 3559 1684 3620 futuri
1711 3570 1899 3619 status
1927 3558 2302 3638 participium
2331 3558 2770 3641 consequimur,

356 3668 567 3735 utpote
595 3656 697 3733 qui
726 3676 799 3717 ex
824 3658 939 3716 hac
968 3656 1182 3716 eadem
1210 3664 1421 3715 natura
1446 3663 1686 3715 constet
1713 3664 1970 3728 exortuS,
2001 3664 2061 3714 et
2099 3667 2319 3716 cuncta
2351 3676 2504 3733 quae
2541 3660 2776 3720 fuerant

354 3766 602 3815 naturae
666 3754 1007 3832 susceperit,
1064 3763 1125 3813 et
1181 3752 1321 3813 ideo
1377 3749 1718 3837 sustinuerit
1773 3763 2042 3825 mortem,
2099 3762 2167 3812 ut
2221 3764 2473 3814 mortem
2527 3766 2773 3818 naturae

356 3853 683 3932 suscipiens
722 3864 783 3913 et
818 3871 857 3912 a
891 3850 1139 3913 mortuis
1179 3869 1489 3928 resurgens
1516 3862 1791 3910 naturam
1820 3849 2066 3910 liberam
2095 3860 2288 3912 morte
2317 3852 2638 3929 perficeret.
2713 3864 2775 3916 et
2799 3878 2838 3936 3
2843 3876 2876 3938 5

358 3962 611 4012 mortem
640 3949 899 4027 quidem
938 3960 1254 4028 propterea
1289 3948 1568 4026 suscepit,
1599 3959 1914 4025 peccatum
1947 3968 2092 4010 uero
2127 3960 2524 4027 nequaquam,
2557 3952 2666 4013 sed
2693 3956 2772 4015 ab

354 4051 473 4110 hoc
524 4046 807 4108 immunis
862 4046 1186 4125 permansit
1240 4046 1488 4107 omnino
1497 4058 1525 4122 ;'
1589 4046 1757 4123 quod
1813 4044 1974 4107 enim
2029 4058 2154 4108 erat
2210 4058 2473 4123 naturae,
2529 4049 2594 4110 id
2663 4061 2772 4128 est,

356 4157 629 4220 mortem,
670 4143 1081 4206 indubitanter
1116 4143 1463 4221 adsumpsit,
1491 4154 1810 4221 peccatum
1835 4163 1996 4219 uero,
2027 4144 2195 4221 quod
2222 4163 2347 4204 non
2376 4156 2502 4206 erat
2526 4158 2773 4212 naturae

1356 4310 1417 4365 35
1452 4301 1488 4351 l.
1512 4316 1545 4349 a
1564 4308 1726 4351 morte
1740 4316 1776 4365 g

434 4460 463 4487 ι
502 4460 641 4515 Heb,
663 4458 731 4510 xi,
762 4459 840 4523 38,
982 4457 1016 4513 -Ι-
1049 4460 1104 4510 S.
1130 4458 1275 4509 Luke
1290 4458 1342 4508 ii.
1368 4471 1449 4523 52·
1586 4460 1621 4517 ss
1657 4458 1786 4509 Phil.
1815 4457 1888 4507 iii.
1913 4474 1994 4508 αι.
2125 4461 2155 4521 5
2193 4474 2213 4509 1
2243 4461 2365 4513 Cor.
2391 4478 2475 4513 xv.
2497 4466 2579 4529 48,
2605 4482 2689 4533 49.
