3250 5025
489 287 567 350 32
1147 291 1608 345 THEODORUS
1658 292 2245 345 MOPSUESTENUS
2390 279 2539 363 [IV.
2578 280 2825 345 18—V.
2852 298 2909 361 3.

485 458 624 521 eius
662 459 1026 525 aduentum
1074 460 1350 539 fuerant,
1383 464 1998 546 quantumattinet
2043 463 2127 528 ad
2176 481 2308 542 εοε,
2342 461 2710 527 secundum
2755 483 2907 546 pro-

485 559 702 639 prium
755 569 1018 644 tempus
1069 563 1555 642 laborauerunt,
1613 576 1684 631 et
1735 576 2009 649 propter
2050 566 2179 630 hoc
2216 566 2394 630 iusta
2440 565 2699 629 ratione
2752 585 2905 629 cum

487 662 616 725 illis
667 664 1182 746 deputabuntur.
1271 678 1500 733 tamen
1547 669 1705 751 quia
1750 669 2074 733 memoria
2125 670 2458 734 dictorum
2508 666 2909 732 sufficienter

489 790 601 832 eos
648 770 733 833 ad
780 771 1252 834 uerecundiam
1302 771 1590 845 induxit,
1625 773 1958 836 instruens
2008 791 2123 835 eos
2164 771 2410 853 pariter
2464 779 2538 835 ut
2581 769 2744 833 talia
2788 790 2907 833 ex-

426 881 833 955 5pectantes
885 872 1063 935 bono
1113 874 1339 938 animo
1391 894 1511 957 pro
1565 874 1694 938 illis
1743 895 1879 939 non
1933 873 2249 938 deficiant
2297 874 2411 956 qui
2459 873 2545 938 ab
2589 871 2717 936 hac
2762 874 2905 936 uita

386 1020 390 1024 -
485 974 855 1051 discedunt,
909 975 1033 1039 nisi
1087 986 1413 1057 quantum
1466 962 1717 1041 debent
1762 978 2055 1059 compati
2102 987 2375 1060 propter
2419 977 2789 1041 amicitiam
2837 984 2906 1039 et

487 1076 753 1140 solitam
785 1079 1375 1158 consuetudinem3
1417 1080 1596 1144 unde
1626 1088 1695 1144 et
1726 1080 1934 1144 adicit
1963 1104 1979 1145 t

619 1227 836 1309 itaque
861 1228 1280 1294 consolamini
1307 1228 1378 1295 in
1409 1230 1685 1297 inuicem
1715 1230 1788 1295 in
1818 1231 2035 1296 uerbis
2064 1230 2227 1297 istis.

622 1360 638 1387 ⁸
659 1353 824 1417 haec
857 1354 1125 1437 (inquit)
1170 1356 1237 1420 in
1269 1354 1808 1420 tribulationibus
1849 1356 2050 1439 positi
2084 1356 2369 1421 inuicem
2408 1356 2599 1420 uobis
2630 1356 2906 1435 referte3

385 1470 465 1517 10
490 1455 768 1520 sufficiet
818 1457 997 1519 enim
1059 1476 1288 1519 eorum
1348 1458 1673 1521 memoria
1732 1458 2154 1521 audientibus
2231 1457 2396 1521 ferre
2456 1456 2787 1536 solatium,
2850 1460 2905 1523 si

489 1567 716 1623 tamen
748 1560 1096 1624 domestici
1126 1570 1282 1624 sunt
1313 1560 1466 1625 fidei
1499 1568 1568 1625 et
1597 1581 1734 1626 non
1765 1560 2076 1627 dubitant
2106 1562 2191 1626 de
2221 1561 2491 1630 futuris!

620 1710 698 1773 de
743 1709 1124 1792 temporibus
1175 1732 1323 1775 uero
1368 1722 1432 1776 et
1478 1712 1831 1791 momentis,
1865 1715 2145 1795 fratres,
2201 1736 2325 1778 non
2374 1736 2607 1778 necesse
2662 1712 2908 1779 habetis

488 1813 759 1876 scribere
805 1812 984 1876 uobis
999 1836 1030 1888 ,·
1078 1812 1205 1895 ipsi
1242 1814 1416 1877 enim
1459 1815 1829 1879 cautissime
1865 1816 2060 1895 scitiS,
2091 1816 2398 1900 quoniam
2444 1818 2583 1882 dies
2631 1817 2911 1883 Domini

487 1914 658 1977 sicut
667 1916 806 1995 fur
834 1914 904 1976 in
935 1924 1106 1977 nocte
1125 1915 1216 1978 sic
1245 1916 1440 1981 uenit.

388 2057 459 2124 15
623 2042 906 2106 alterum
939 2043 1176 2106 iterum
1217 2042 1326 2108 hic
1373 2044 1609 2128 incipit
1659 2046 2049 2129 capitulum.
2117 2047 2571 2129 requirebatur
2608 2049 2789 2112 enim
2820 2048 2907 2112 ab

493 2143 636 2221 illis,
671 2145 976 2226 ‘quando
1009 2146 1133 2209 erit
1164 2144 1358 2210 huius
1389 2147 1635 2212 saeculi
1668 2148 1817 2211 finis
1845 2146 1903 2213 ?’
1993 2149 2164 2213 bene
2204 2170 2366 2233 ergo
2410 2150 2539 2215 illis
2574 2151 2803 2216 scribit
2834 2161 2909 2215 ut

493 2267 629 2310 non
687 2250 1040 2331 requirant,
1102 2269 1317 2332 neque
1378 2252 1767 2315 existiment
1827 2272 1898 2316 se
1959 2273 2155 2336 posse
2214 2252 2468 2318 discere
2528 2254 2640 2336 qui
2702 2253 2905 2318 semel

493 2349 849 2414 audierunt
920 2352 1238 2433 quoniam
1300 2353 1623 2416 incertum
1686 2363 1790 2417 est
1848 2363 2115 2437 tempus
2175 2356 2506 2419 aduentus
2566 2355 2906 2418 dominici.

490 2453 619 2520 hoc
677 2456 856 2519 enim
917 2455 1125 2520 dicit:
1199 2466 1534 2541 tamquam
1565 2457 1704 2540 fur
1750 2456 1821 2521 in
1881 2467 2065 2536 nocte,
2119 2477 2199 2523 eo
2261 2458 2441 2541 quod
2502 2466 2571 2522 et
2622 2457 2727 2522 sur
2772 2479 2906 2522 non

379 2581 466 2629 20
492 2559 884 2644 praedicens
915 2561 1116 2624 uenit.
1207 2569 1274 2623 et
1306 2561 1464 2642 quia
1494 2561 1875 2625 inridebant
1917 2561 2278 2626 aduersarii
2316 2561 2443 2626 hoc
2476 2563 2693 2645 ipsum
2726 2564 2905 2645 quod

492 2660 578 2724 ab
609 2660 735 2723 illis
767 2660 1127 2737 dicebatur,
1160 2660 1458 2725 dicentes
1488 2683 1912 2745 nequaquam
1946 2662 2084 2726 fieri
2117 2684 2331 2747 posse,
2364 2664 2570 2728 adicit
2602 2689 2615 2728 :

617 2837 762 2880 cum
809 2814 1101 2878 dixerint
1115 2837 1141 2878 .·
1203 2816 1218 2846 ‘
1226 2824 1371 2895 pax
1411 2824 1477 2876 et
1520 2814 1866 2892 seneritas)
1904 2825 2058 2879 tunc
2098 2825 2345 2897 repente
2382 2817 2519 2881 illis
2559 2817 2767 2882 instat
2804 2840 2908 2883 ex-

491 2917 902 2994 terminium,
917 2915 1116 2980 sicuti
1140 2915 1324 2979 dolor
1335 2927 1578 2998 partus
1608 2917 1679 2983 in
1711 2927 1887 2981 utero
1910 2917 2218 2997 habentis,
2250 2928 2315 2982 et
2340 2940 2465 2983 non
2495 2919 2817 3002 effugient.

594 3103 614 3136 1
652 3087 768 3136 adu.
792 3085 898 3135 eius
919 3101 953 3133 r
1200 3103 1231 3147 4
1265 3083 1460 3134 instruit
1490 3084 1533 3133 C
1555 3082 1700 3148 (corr)
1951 3099 1978 3148 5
2014 3085 2145 3135 hanc
2172 3083 2253 3135 C*
2502 3085 2535 3135 6
2569 3093 2761 3135 tantum
2798 3084 2913 3150 (for

489 3167 681 3236 quant.)
711 3168 754 3217 C
773 3183 804 3215 r
1011 3167 1042 3214 8
1076 3165 1128 3215 in
1153 3163 1261 3230 (bes
1270 3162 1397 3228 inu.)
1421 3181 1500 3214 om
1520 3167 1590 3215 H
1800 3181 1831 3232 9
1876 3167 2021 3240 uobis
2044 3167 2188 3216 uobis
2210 3167 2386 3217 referte
2407 3167 2476 3216 H
2658 3181 2719 3216 10
2750 3167 2907 3218 suffici

489 3249 674 3300 etenim
697 3263 801 3298 eor.
824 3247 1117 3296 memoriam
1145 3244 1222 3295 C*
1289 3245 1497 3296 sufficiet
1520 3245 1655 3296 enim
1681 3262 1783 3297 eor.
1810 3247 2105 3297 memoriam
2129 3263 2161 3295 r
2392 3263 2447 3296 12
2484 3253 2534 3296 et
2557 3263 2708 3296 mom.
2738 3262 2857 3297 uero
2880 3263 2913 3295 r

496 3349 554 3395 14
586 3331 659 3382 sic
678 3346 756 3380 om
781 3344 813 3378 r
1010 3342 1066 3392 15
1101 3335 1221 3377 tunc
1247 3324 1343 3392 (afl
1355 3325 1508 3392 enim)
1531 3328 1636 3377 add
1650 3327 1747 3378 H*
1950 3332 2009 3380 18
2043 3329 2234 3379 domini
2260 3329 2375 3394 (sor
2393 3328 2651 3393 dominici)
2675 3346 2709 3378 r

560 3500 606 3548 3.
678 3483 1068 3549 deputabuntur]
1104 3483 1202 3534 See
1237 3484 1459 3540 R6nsch,
1493 3485 1648 3541 Itala,
1752 3486 1836 3536 the
1866 3502 2007 3536 more
2036 3485 2285 3536 technical
2314 3501 2458 3537 sense
2487 3485 2653 3536 which
2682 3485 2721 3536 it
2748 3501 2909 3537 seems

492 3584 542 3633 p.
590 3569 709 3630 358;
764 3566 865 3616 and
909 3565 986 3615 for
1039 3565 1264 3630 compati,
1309 3565 1380 3614 ib.
1426 3582 1476 3630 p.
1534 3564 1643 3627 164.
1750 3576 1804 3618 to
1832 3568 1953 3618 bear
1983 3568 2117 3627 here,
2145 3568 2207 3618 cs.
2240 3579 2278 3617 1.
2306 3582 2358 3633 p.
2382 3566 2469 3618 xli.
2541 3568 2731 3616 Iterum
2763 3567 2909 3617 looks

501 3650 685 3698 Tamen
707 3648 797 3698 has
817 3648 1033 3713 perhaps
1055 3648 1184 3698 been
1213 3647 1412 3698 written
1436 3647 1490 3697 in
1511 3663 1647 3698 error
1748 3647 1882 3698 back
1898 3657 1954 3698 to
1976 3649 2061 3698 the
2082 3649 2273 3699 section
2295 3649 2645 3713 commencing
2659 3655 2710 3698 at
2728 3649 2793 3699 iv.
2820 3664 2907 3712 133

489 3730 568 3780 for
591 3737 696 3780 turn
717 3746 775 3779 or
798 3737 934 3779 tunc.
1748 3744 1833 3778 see
1859 3744 1912 3793 p.
1938 3728 2016 3788 26,
2044 3729 2081 3778 1.
2110 3744 2187 3795 ¹9·
2255 3730 2327 3779 At
2361 3730 2466 3779 that
2500 3731 2644 3794 point
2680 3730 2765 3780 the
2798 3747 2909 3796 pre·

565 3829 639 3863 ια.
673 3829 776 3863 non
792 3828 968 3862 necesse
987 3811 1194 3874 habetis]
1228 3813 1282 3860 οὔ
1296 3813 1463 3875 χρείαν
1483 3813 1642 3873 ἔχετε,
1748 3812 1930 3876 ceding
1952 3810 2224 3862 Euthalian
2248 3811 2514 3873 κεφάλαιον
2532 3812 2727 3876 begins.

493 3896 650 3946 Thdt.
730 3896 802 3945 So
838 3895 1052 3945 Hieron.
1091 3903 1164 3960 ep.
1207 3909 1293 3944 121
1334 3895 1531 3960 (Migne
1565 3910 1645 3955 22,
1822 3905 1900 3956 17.
1966 3894 2057 3958 qui
2084 3894 2231 3942 semel
2256 3893 2555 3954 audierunt]
2600 3893 2791 3944 Thdt.=
2850 3890 2909 3944 ὡς

500 3979 674 4042 1035);
719 3977 890 4040 vulg„
933 3977 1092 4025 “non
1145 3973 1432 4040 indigetis.”
1507 3975 1649 4025 Tert-
1752 3975 2219 4037 προδεδιδαγμένοις
2240 3976 2397 4022 ταῦτα
2418 3975 2618 4036 γράφει.

493 4059 595 4108 and
639 4057 890 4107 Ambrstr.
925 4063 1178 4122 represent
1217 4057 1305 4107 the
1342 4057 1552 4122 reading
1595 4059 1651 4108 οὐ
1818 4073 1893 4107 22.
1957 4063 2145 4122 repmte
2165 4057 2267 4106 illis
2289 4057 2449 4106 instat
2466 4056 2586 4117 ext-J
2621 4055 2733 4105 The
2756 4055 2907 4106 Latin

493 4144 634 4207 χρεία.
657 4145 803 4193 ἐστίν.
869 4143 1168 4193 cautissime
1179 4161 1201 4200 ,·
1238 4142 1395 4204 Tert„
1435 4143 1464 4171 ‘⁸
1484 4143 1655 4193 certis-
1754 4139 1977 4189 versions
2020 4139 2199 4189 render
2242 4139 2505 4188 ἐπίσταται
2548 4139 2619 4202 by
2652 4155 2683 4188 a
2725 4138 2905 4188 future.

494 4226 674 4287 sime,’'
700 4225 869 4289 Vulg„
904 4228 934 4252 ‘⁴
951 4225 1220 4290 diligenter
1237 4223 1286 4282 ;''
1308 4223 1374 4275 cf.
1397 4237 1436 4274 1.
1461 4241 1513 4288 p.
1539 4225 1607 4274 xl.
1755 4220 1858 4270 For
1909 4221 2277 4280 exteminium,
2339 4235 2423 4270 see
2478 4220 2699 4280 R6nsch,
2754 4221 2907 4278 Itala,

565 4319 642 4368 15,
707 4306 926 4356 alterum
950 4306 1133 4357 iterum
1157 4306 1235 4355 hic
1255 4306 1350 4356 inc.
1370 4304 1502 4370 cap]
1551 4306 1652 4354 For
1751 4317 1805 4367 p.
1832 4315 1911 4369 29.
1966 4302 2129 4351 Dolor
2138 4309 2321 4366 partus
2346 4302 2399 4362 (ἡ
2422 4303 2533 4350 ώδίν
2556 4301 2758 4366 simply)
2780 4301 2909 4351 finds

492 4386 767 4452 capitulum
799 4401 882 4436 see
914 4386 1135 4445 Rdnsch,
1164 4387 1316 4443 Itala,
1349 4402 1400 4449 p.
1427 4387 1548 4448 32&
1583 4401 1651 4434 on
1752 4384 1894 4449 place
1917 4383 2025 4434 also
2058 4384 2109 4434 in
2134 4384 2383 4434 Ambrstr.
2406 4383 2507 4434 and
2534 4383 2702 4433 Sedul.
2737 4383 2876 4433 Scot.
