3250 5025
281 393 336 459 Ι.
364 396 423 472 8,
454 392 539 478 9.]
996 401 1081 454 m
1128 402 1234 454 ΕΡ.
1279 400 1383 452 AD
1428 392 1896 455 TIMOTHEUM
1945 402 2018 455 11.
2581 382 2702 473 '¹97'

276 578 407 643 Dei
438 577 887 661 constringere
917 566 1210 650 caritate,
1242 572 1503 637 necnon
1534 584 1604 640 et
1635 576 1916 659 pudicos
1948 596 2072 641 nos
2102 576 2308 641 etiam
2361 577 2526 662 ipsis
2563 578 2702 642 effi-

275 702 429 750 cere
487 677 1086 765 cogitationibus.’*
1173 678 1417 744 deinde
1476 682 1566 744 ad
1625 680 2096 745 uerecundiam
2169 700 2325 745 eum
2392 681 2702 757 inuitanS,

276 786 567 851 adiecit:

410 956 491 997 ne
566 953 716 1017 ergo
794 930 1121 995 erubescas
1192 928 1632 994 testimonium
1718 928 1977 994 domini
2041 930 2266 1009 nostri,
2339 950 2534 1013 neque
2605 950 2708 994 me

279 1036 571 1100 uinctum
600 1036 757 1099 eim.
2780 1074 2811 1140 5

410 1176 569 1220 nam
628 1154 829 1220 ualde
889 1172 1043 1219 eum
1105 1152 1193 1217 ad
1254 1152 1726 1217 uerecundiam
1788 1152 1858 1216 in
1904 1150 2088 1217 hisce
2136 1152 2331 1217 dictis
2384 1154 2707 1238 adtraxit,
2739 1224 2742 1229 ,

280 1259 511 1325 dicens
539 1280 621 1323 ne
643 1259 973 1324 erubescas
988 1281 1020 1333 ,·
1061 1256 1251 1341 quasi
1283 1256 1397 1340 qui
1430 1256 1818 1321 erubescere
1845 1257 2120 1322 deberet
2148 1257 2266 1323 illa
2295 1279 2468 1342 quae
2497 1260 2710 1342 pieta-

283 1364 388 1441 tis,
420 1364 475 1427 si
501 1384 637 1428 non
668 1374 737 1429 et
769 1362 995 1446 aliqua
1025 1361 1597 1445 contemplatione
1626 1361 1898 1444 pietatis
1928 1370 2170 1444 sponte
2199 1364 2458 1446 perpeti
2490 1361 2709 1426 uellet.

284 1468 464 1533 unde
494 1488 630 1532 non
660 1466 839 1531 dixit
867 1486 945 1529 ne
985 1463 1312 1529 erubescas
1342 1464 1734 1539 Dominum,
1761 1463 1880 1528 sed
1922 1464 2357 1528 testimonium
2386 1465 2669 1529 Domini
2679 1489 2711 1543 ,·

284 1572 414 1637 hoc
443 1581 565 1651 est,
599 1572 999 1655 passionem.
1087 1579 1159 1634 et
1200 1588 1337 1631 non
1382 1568 1628 1632 sufficit
1674 1577 1750 1632 ut
1791 1569 1921 1631 ista
1959 1567 2233 1649 diceret,
2265 1570 2383 1633 sed
2429 1571 2712 1635 adiecit:
2746 1588 2826 1637 10

282 1687 348 1741 et
395 1698 497 1741 me
536 1676 829 1741 uinctum
846 1696 879 1749 ,⁰
924 1673 1328 1737 sufficienter
1379 1673 1756 1737 admonens
1807 1681 1884 1738 ut
1937 1690 2318 1737 memorans
2371 1673 2711 1739 Christum

286 1789 356 1845 et
386 1780 499 1845 illa
529 1802 703 1865 quae
732 1776 1101 1844 secundum
1130 1797 1208 1842 se
1234 1786 1393 1843 sunt
1422 1798 1561 1842 non
1598 1778 1862 1861 pigeret
1904 1778 2069 1859 pati,
2101 1777 2157 1841 si
2197 1786 2428 1841 tamen
2459 1786 2528 1841 et
2557 1798 2710 1841 cum

286 1884 597 1967 apostolo
640 1895 709 1950 et
736 1904 893 1949 cum
936 1882 1205 1949 Christo
1250 1882 1800 1947 communionem
1831 1880 2080 1947 habere
2111 1881 2564 1947 adfectaretur
2589 1901 2714 1965 pro

286 1991 468 2055 hisce
498 1987 938 2073 passionibus,
1025 1986 1207 2050 unde
1236 1993 1305 2050 et
1334 1984 1581 2049 adiecit
1608 2004 1624 2049 ε

418 2142 537 2208 sed
557 2140 893 2205 conlabora
924 2137 993 2201 in
1023 2136 1375 2221 euangelio.
2747 2134 2820 2204 15

426 2263 695 2346 ‘itaque
725 2260 882 2344 quia
911 2279 1033 2342 per
1071 2258 1661 2342 passiones-ipsud
1711 2257 2139 2343 euangelium
2186 2269 2290 2326 est
2327 2258 2716 2345 perfectum,

292 2366 735 2430 necessarium
786 2370 890 2427 est
941 2370 1018 2425 ut
1068 2362 1521 2425 communices
1574 2361 1636 2425 ei
1684 2383 1806 2445 per
1858 2362 2202 2445 passiones
2255 2384 2422 2448 quas
2469 2363 2719 2447 pateris

292 2488 418 2553 pro
450 2468 731 2533 aliorum
774 2462 1102 2532 utilitate!
1180 2464 1543 2530 ostendens
1589 2464 1911 2550 quoniam
1957 2465 2094 2532 tale
2147 2475 2252 2536 est
2295 2470 2719 2555 euangelium

293 2576 390 2640 ita
420 2585 496 2640 ut
524 2572 668 2657 pati
703 2590 828 2655 pro
858 2588 941 2633 eo
971 2568 1257 2650 dignum
1286 2568 1417 2634 sit:

427 2714 777 2792 secundum
826 2721 1139 2786 uirtutem
1179 2718 1325 2798 Dei,
1367 2719 1489 2802 qui
1526 2720 1745 2784 saluos
1788 2741 1904 2784 nos
1929 2721 2103 2804 fecit
2139 2734 2204 2789 et
2244 2725 2505 2790 uocauit
2540 2747 2723 2790 uoca-
2751 2746 2836 2794 20

298 2915 407 2981 καὶ
496 2913 1074 3003 σωφρονεστέρους
1164 2913 1233 2980 ἐν
1320 2917 1459 2983 τοῖς
1543 2917 1895 2997 λογισμοῖς
1962 2913 2176 2998 μένειν
2246 2919 2385 2985 τοῖς
2463 2913 2726 2987 οἷκέίοις

296 3045 529 3087 ποιειν.

396 3183 426 3218 2
461 3167 795 3233 cogitionibus
820 3165 924 3232 (sic)
954 3167 1003 3218 C
1017 3169 1086 3218 H
1302 3183 1332 3232 3
1366 3167 1519 3218 adicit
1541 3185 1575 3219 r
1799 3184 1832 3229 4
1865 3170 1970 3219 noli
2004 3170 2173 3235 itaque
2206 3170 2495 3221 erubescere
2527 3177 2566 3220 t.
2591 3169 2641 3221 d.
2669 3185 2720 3222 n.

300 3253 416 3302 Iesu
439 3251 629 3302 Christi
652 3266 686 3300 r
929 3248 963 3299 6
996 3265 1100 3300 non
1125 3247 1245 3315 (for
1260 3248 1400 3315 nam)
1424 3250 1494 3301 H
1714 3251 1747 3300 8
1793 3259 1908 3301 sunt
1933 3250 2032 3316 (ast
2050 3249 2270 3317 pietatis)
2295 3253 2401 3300 add
2415 3268 2448 3301 r
2472 3248 2481 3316 Ι
2511 3251 2588 3302 sin
2613 3251 2730 3316 (for

300 3335 344 3384 si
367 3330 491 3397 non)
515 3332 585 3382 H
711 3345 773 3382 ιο
803 3330 956 3381 adicit
984 3331 1029 3381 C
1160 3346 1216 3382 11
1252 3347 1307 3382 se
1333 3329 1569 3396 (forme)
1598 3331 1770 3382 CHr
1949 3346 2006 3382 12
2041 3339 2118 3383 est
2141 3331 2258 3397 (sor
2277 3330 2412 3397 sunt)
2435 3331 2530 3397 ΗΙ
2559 3339 2610 3382 et
2635 3331 2727 3397 (αο)

298 3433 377 3466 om
399 3417 468 3466 H
658 3430 715 3480 ¹3
762 3415 1015 3466 affectaret
1038 3431 1071 3465 r
1302 3431 1364 3480 ¹4
1394 3414 1549 3466 adicit
1570 3432 1605 3465 r
1819 3429 1879 3478 15
1913 3415 2089 3465 labora
2112 3415 2176 3464 H
2192 3413 2202 3480 Ι
2232 3415 2284 3464 in
2301 3431 2382 3466 om
2404 3431 2438 3464 r
2668 3413 2727 3464 16

202 3507 212 3517 ·
302 3511 430 3562 quae
466 3493 581 3560 (for
596 3494 734 3560 quia)
763 3497 809 3546 C
814 3495 927 3546 *H
943 3492 952 3560 Ι
980 3497 1149 3562 ipsum
1169 3513 1205 3546 r
1401 3499 1461 3547 18
1502 3497 1774 3548 utilitatem
1795 3497 1863 3546 H

305 3623 373 3673 cf.
412 3623 637 3685 Ronsch,
683 3625 836 3685 Itala,
880 3641 933 3690 p.
978 3626 1101 3688 1853
1152 3625 1253 3675 and
1301 3625 1464 3690 infra,
1568 3628 1714 3676 τοῦτο
1733 3626 1834 3691 ιγάρ
1861 3627 1997 3677 ἐστιν
2023 3626 2082 3677 τὸ
2109 3626 2396 3690 μαρτύριον·
2428 3626 2529 3676 τὸν
2561 3625 2728 3676 θάνα-

311 3720 363 3771 p.
395 3720 509 3764 202,
533 3705 569 3754 1.
598 3721 679 3755 αι.
736 3706 841 3755 For
862 3705 985 3771 ipsis
1007 3705 1213 3757 theGk.
1232 3722 1394 3757 seems
1417 3715 1471 3758 to
1568 3707 1673 3758 τόν
1709 3715 1892 3772 φησιν
1929 3711 2029 3759 τοῦ
2066 3708 2346 3771 Χριστοῦ.
2439 3707 2510 3759 80
2547 3707 2725 3769 Thdt„

310 3790 505 3854 require
519 3790 745 3854 propriis·
766 3805 825 3840 or
844 3791 1043 3840 nostris.
1570 3791 1730 3857 citing
1753 3792 1904 3841 Rom.
1928 3791 1963 3842 i.
1993 3789 2069 3852 16,
2103 3805 2124 3840 1
2150 3791 2268 3841 Cor.
2290 3791 2324 3841 i.
2361 3790 2436 3842 18.

381 3890 428 3934 4.
468 3887 531 3920 ne
540 3887 651 3935 ergo
666 3872 931 3935 erubescas]
950 3872 1062 3922 The
1080 3871 1233 3922 Latin
1245 3871 1471 3923 versions
1646 3887 1724 3924 η.
1791 3890 1894 3924 non
1905 3873 2117 3938 pigeret]
2141 3873 2410 3931 Personai3
2436 3870 2499 3922 cf.
2525 3884 2561 3922 1.
2582 3887 2634 3936 p.
2653 3886 2733 3936 23,

311 3955 427 4018 give
456 3953 607 4002 “noli
634 3969 754 4019 ergo
778 3953 836 4019 (s.
859 3952 1048 4020 itaque)
1073 3953 1417 4006 erubescere?
1576 3955 1614 4005 1.
1642 3967 1689 4020 5,
1727 3962 1865 4006 note.
1927 3957 2117 4005 Comm.
2140 3955 2314 4006 habere
2342 3955 2723 4020 adsoemraur=

380 4051 427 4102 9.
501 4037 633 4086 unde
689 4053 793 4087 non
840 4037 987 4095 dixit,
1025 4037 1146 4100 δια]
1226 4039 1337 4087 ὅθεν
1389 4035 1474 4088 οὐκ
1572 4054 1758 4091 comm.
1787 4039 2076 4090 adfectaret-

309 4121 445 4170 εἶπεν
485 4121 501 4146 ‘
513 4121 583 4181 μὴ
618 4117 949 4182 ἐπαισχυνθῇς
986 4121 1071 4170 τὸν
1114 4118 1306 4184 nuptm?
1347 4117 1478 4170 ἀλλὰ
1646 4133 1720 4185 15.
1789 4121 1847 4170 in
1890 4119 2164 4186 euangelio]
2219 4121 2289 4170 In
2320 4119 2366 4169 is
2399 4118 2612 4170 without
2649 4135 2734 4171 au-

312 4208 325 4232 ⁴
343 4204 401 4253 τὸ
443 4199 706 4265 μαρτύριον
743 4203 833 4252 τοῦ
865 4200 1061 4264 κυρίου,’
1105 4199 1375 4261 τουτέστιν,
1413 4203 1473 4252 τὸ
1572 4202 1774 4266 thority‚
1793 4202 1896 4252 and
1911 4202 1956 4252 is
1977 4217 2238 4252 moreover
2253 4200 2496 4252 excluded
2509 4202 2578 4266 by
2593 4202 2738 4254 Th.’s

312 4287 481 4336 πάθος.
538 4285 683 4336 with
722 4285 822 4336 this
868 4284 1190 4350 explanation
1225 4284 1285 4335 of
1320 4301 1465 4348 μαρτ.
1571 4293 1842 4336 comment.
1891 4285 2080 4350 [ῥα-κώ
2122 4284 2344 4343 Βὸυεοῐι,
2365 4285 2518 4347 Itala,
2541 4301 2591 4351 p.
2622 4285 2736 4350 276.

310 4384 480 4433 comp.
504 4367 591 4418 the
625 4383 809 4419 comm.
837 4383 906 4419 on
933 4384 955 4418 1
982 4367 1117 4418 Tim.
1143 4367 1192 4417 ii.
1223 4365 1257 4417 6
1290 4369 1363 4434 (p.
1389 4370 1470 4436 89,
1646 4381 1724 4419 20.
1799 4367 1893 4432 qui
1930 4367 2096 4416 saluos
2143 4382 2231 4417 nos
2269 4365 2418 4430 feurit]
2495 4367 2566 4418 So
2609 4369 2736 4417 Am-

311 4453 345 4503 1.
378 4468 426 4518 3,
463 4452 623 4514 note).
690 4451 772 4502 Cf.
808 4451 1019 4516 Chrys:
1062 4451 1155 4512 ’μὴ
1188 4445 1269 4501 οὖν
1303 4453 1473 4500 &racc-
1575 4450 1721 4499 brstr.
1779 4447 1864 4509 (cf.
1920 4448 2076 4512 Aug..
2127 4449 2214 4497 “s.
2272 4464 2365 4499 nos
2419 4448 2664 4510 facientis)
2681 4449 2737 4511 3''

312 4533 493 4598 χυνθῇς
530 4531 605 4584 ὅτι
655 4535 740 4584 τὸν
782 4535 1143 4598 ἐσταυρωμένον
1186 4531 1473 4596 κηρύττεις·’
1574 4531 1750 4596 Vulg„
1785 4531 2040 4596 “quinos
2061 4529 2344 4582 liberauit.”
