3250 5025
337 323 457 388 VI.
494 342 548 402 2,
585 325 668 411 3.]
1059 342 1138 391 1N
1191 342 1295 392 ΕΡ.
1341 342 1444 396 AD
1491 342 1955 392 TIMOTHEUM
2007 342 2049 392 1.

2642 342 2756 411 ¹75

340 520 458 586 est,
524 513 674 594 ‘qui
737 512 1074 576 beneficiis
1148 533 1261 576 eos
1327 511 1678 576 subleuare
1756 523 2118 596 properant
2192 512 2763 596 contemplatione

339 617 609 700 pietatis
657 639 860 701 quam
917 618 1375 702 exequuntur.'
1466 619 1668 702 igitur
1727 618 2151 682 dominorum
2200 617 2578 698 benignitas
2628 637 2760 681 non

339 719 541 784 debet
586 724 794 786 seruis
839 725 1100 788 occasio
1147 723 1284 787 fieri
1331 732 1781 806 contemptuS‚
1825 723 1943 786 sed
1992 723 2209 804 magis
2256 743 2371 785 eos
2405 723 2469 784 in
2518 721 2761 785 affectu

341 828 651 910 ampliori
683 827 886 891 debet
920 828 1218 892 retinere.
1308 837 1379 892 et
1411 829 1651 891 iterum
1685 827 1931 890 adiecit
1966 847 1979 889 :

472 999 624 1062 haec
651 997 794 1062 doce
821 1008 884 1061 et
911 999 1182 1062 obsecra.

472 1148 589 1210 per
647 1129 874 1190 omnia
933 1127 1353 1190 exsuscitans
1403 1146 1556 1189 eum
1607 1133 1683 1189 ut
1731 1145 1884 1187 cum
1935 1123 2149 1186 multa
2190 1122 2636 1188 sollicitudine
2676 1123 2763 1188 de

340 1233 654 1296 omnibus
713 1232 816 1295 his
889 1232 1264 1295 doctrinam
1341 1249 1714 1314 proponere
1792 1229 2208 1311 deproperet.
2301 1239 2370 1293 et
2443 1229 2760 1312 quoniam

343 1338 570 1400 omnia
618 1338 936 1419 percurrit
1003 1358 1178 1420 quae
1231 1338 1318 1400 ad
1372 1336 1850 1400 correctionem
1906 1333 2224 1398 ecclesiae
2280 1336 2345 1398 in
2408 1353 2763 1398 commune

342 1443 699 1505 conuenire
740 1444 1198 1518 existimabat,
1243 1443 1415 1507 sicut
1460 1441 1912 1524 scrupulosius
1958 1439 2475 1523 significauimus
2522 1439 2587 1502 in
2636 1437 2765 1503 illis

343 1564 516 1626 quae
567 1554 768 1609 antea
819 1547 1233 1628 interpretati
1286 1565 1517 1610 sumus
1542 1566 1558 1622 ;
1632 1553 2042 1608 memoratur
2095 1545 2332 1608 iterum
2388 1554 2457 1608 et
2504 1543 2590 1608 de
2638 1529 2765 1606 illis

343 1650 459 1732 qui
500 1649 829 1713 contraria
869 1651 1138 1732 pietatis
1177 1651 1416 1714 docere
1457 1655 1804 1712 conantur.
1894 1647 2056 1710 dicit
2102 1656 2329 1711 autem
2362 1649 2447 1712 de
2494 1647 2620 1710 illis
2653 1647 2765 1729 qui

343 1774 436 1818 ex
495 1756 990 1820 circumcisione
1049 1757 1488 1833 crediderunt,
1564 1755 1677 1837 qui
1739 1755 1967 1817 omnia
2026 1773 2225 1835 agere
2294 1753 2767 1817 adnitebantur

349 1857 652 1921 uolentes
701 1859 868 1941 legis
920 1860 1295 1923 custodiam
1349 1857 1660 1921 fidelibus
1714 1857 2079 1939 inponere;
2147 1857 2233 1920 de
2282 1857 2525 1939 quibus
2585 1866 2653 1920 et
2699 1858 2763 1921 in

346 1962 672 2045 principio
727 1965 1052 2047 epistolae
1104 1965 1392 2048 plurima
1440 1964 1728 2026 dixerat.
1818 1963 2045 2043 sicque
2095 1961 2181 2024 ad
2234 1983 2573 2025 sermones
2626 1982 2766 2025 cor-

351 2070 661 2133 rectionis
703 2072 817 2152 qui
872 2073 937 2133 in
992 2088 1350 2132 commune
1387 2066 1798 2130 conueniunt
1850 2084 2170 2146 egressu3‚
2222 2064 2461 2127 iterum
2508 2065 2594 2129 de
2639 2063 2767 2128 illis

349 2176 510 2257 ipsis
562 2194 735 2256 quae
789 2173 854 2236 in
905 2172 1232 2255 principio
1282 2170 1548 2233 dixerat
1596 2169 1854 2232 dictum
1911 2186 2271 2242 resumens»,
2320 2166 2388 2230 in
2433 2167 2561 2231 illis
2608 2168 2767 2251 ipsis

343 2279 554 2342 etiam
587 2277 787 2341 finem
819 2275 1176 2352 concludit,
1201 2285 1426 2339 cetera
1459 2275 1523 2337 in
1559 2273 1782 2336 media
1807 2281 1999 2355 parte
2019 2269 2345 2353 epistolae
2376 2271 2767 2336 intericienS.

476 2431 546 2494 si
566 2431 716 2514 quis
747 2429 1014 2513 (inquit)
1046 2427 1309 2513 aliquid
1337 2428 1537 2491 aliter
1571 2427 1757 2502 docet,
1789 2435 1853 2490 et
1880 2445 2004 2488 non
2038 2423 2319 2487 intendit
2340 2423 2525 2486 sanis
2555 2422 2769 2486 uerbis

445 2642 474 2690 3
509 2626 640 2675 serui
667 2628 712 2675 C
735 2624 744 2687 Ι
775 2625 1153 2691 contemptibile
1181 2625 1222 2674 C
1241 2626 1308 2673 H

348 2708 415 2757 H
571 2728 581 2737 ·
653 2723 703 2757 ιι
741 2708 876 2759 enim
902 2708 1016 2773 (for
1035 2708 1222 2767 autem)
1248 2724 1281 2756 r
1297 2699 1308 2711 ’

345 2789 569 2840 teritiens
589 2796 664 2839 est
688 2790 806 2856 (for
823 2790 1126 2850 intericiens)
1151 2788 1218 2837 H

1505 2643 1538 2687 4
1571 2624 1758 2673 debent
1780 2623 1842 2672 H
1864 2622 1871 2687 Ι
1900 2623 2056 2673 adicit
2085 2623 2130 2672 C
2148 2639 2181 2671 r
2370 2636 2430 2672 10
2464 2628 2769 2670 memoratus

1536 2721 1592 2769 15
1628 2722 1759 2771 quae
1786 2706 1945 2756 CHr
2183 2718 2239 2768 17
2276 2704 2427 2753 finem
2449 2720 2526 2751 om
2555 2702 2625 2752 C‘
2656 2700 2665 2767 Ι
2696 2702 2767 2751 in-

1409 2792 1466 2839 18
1499 2789 1542 2838 si
1563 2788 1677 2853 quis
1698 2788 1787 2838 διο.
1817 2788 1894 2849 [as
1916 2788 1974 2838 in
2010 2786 2181 2852 Vulg]
2206 2804 2237 2835 r

350 2987 364 3010 ⁸
378 2981 452 3031 ὅτι
477 2982 642 3031 πιστοί
666 2982 789 3032 εἰσιν
801 2982 878 3031 καὶ
893 2979 1142 3043 ἀγαπητοί
1153 2980 1184 3040 ⁷)
1198 2982 1301 3031 and
1314 2981 1506 3047 Thpht.

349 3063 472 3113 offer
492 3064 578 3114 the
601 3062 896 3112 alternative
917 3062 978 3111 os
1002 3063 1301 3127 connecting
1324 3064 1369 3111 οἱ
1400 3066 1500 3123 τῆς,

349 3147 502 3195 arad..
537 3144 658 3194 with
694 3141 1029 3192 δουλεῦτωσαν
1076 3141 1127 3207 (“
1145 3144 1214 3193 let
1258 3142 1398 3192 thern
1443 3144 1507 3192 be

349 3228 525 3277 served
547 3226 632 3275 the
656 3226 824 3275 rather
855 3225 923 3287 by
946 3225 1090 3275 those
1123 3224 1240 3274 who
1273 3224 1506 3275 receive

347 3309 484 3373 good
523 3315 576 3358 at
614 3308 744 3357 their
780 3306 944 3356 hands
959 3304 1026 3369 ”).
1101 3306 1172 3356 So
1204 3321 1390 3371 among
1424 3305 1508 3354 the

353 3390 544 3450 Latius,
559 3388 868 3454 apparently,
885 3388 1135 3437 Ambrstr.
1148 3389 1251 3447 (see
1264 3388 1440 3447 above,
1455 3402 1506 3452 p.

251 3481 256 3485 “
359 3487 377 3521 1
388 3482 465 3535 74,
481 3473 516 3522 1.
537 3488 612 3535 ι4,
627 3472 765 3531 note)
781 3472 880 3520 and
897 3471 1065 3535 Pelag.
1083 3470 1135 3534 (⁸⁴
1147 3476 1336 3535 quanto
1350 3469 1510 3533 magis

351 3553 538 3603 debent
565 3551 750 3603 seruire
783 3550 1014 3601 fidelibus
1046 3567 1257 3616 quorum
1291 3550 1510 3601 caritatis

353 3636 621 3701 participes
644 3650 750 3684 esse
774 3631 1100 3693 merentur”).
1163 3634 1214 3682 A
1233 3633 1364 3682 third
1383 3634 1509 3683 view

355 3719 485 3769 finds
508 3720 650 3783 place
673 3718 724 3767 in
756 3716 1040 3777 Primasius,
1067 3718 1184 3766 who
1209 3717 1386 3765 inserts
1406 3716 1512 3765 Dei

354 3800 481 3851 aster
501 3800 714 3865 beneficii
731 3800 833 3849 and
855 3799 1013 3863 destly
1035 3799 1184 3849 alters
1206 3798 1292 3848 the
1313 3797 1512 3847 remark

251 3940 256 3943 Ι
356 3880 418 3931 of
475 3880 706 3943 Pelagius
761 3888 814 3929 to
866 3880 966 3929 suit
1021 3880 1107 3929 the
1161 3878 1352 3929 altered
1407 3885 1512 3928 text

357 3964 618 4031 (“quanto
639 3980 706 4015 m.
735 3966 784 4015 d.
813 3980 852 4014 s,
888 3963 924 4012 s.
955 3979 1046 4029 per
1076 3964 1351 4022 caritatem,
1389 3978 1510 4027 quo-

355 4062 467 4097 rum
505 4045 772 4111 participes
809 4060 916 4095 esse
949 4041 1327 4107 meruerunt”);
1372 4044 1437 4092 he
1471 4044 1512 4094 is

355 4129 592 4180 followed
634 4129 703 4193 by
753 4126 1002 4186 Sedulius,
1051 4127 1153 4176 and
1207 4126 1307 4175 this
1361 4125 1510 4175 inter·

357 4210 608 4275 pretation
663 4210 706 4260 is
761 4207 995 4260 reflected
1049 4208 1102 4257 in
1158 4207 1244 4257 the
1299 4208 1400 4257 Gk.
1461 4207 1520 4256 of

356 4296 442 4345 the
487 4292 856 4345 Graeco-Latin
913 4290 1068 4342 MSS.
1129 4290 1190 4345 F,
1233 4291 1294 4345 G,
1345 4288 1512 4339 which

357 4373 433 4441 sor
476 4374 755 4435 εὐεργεσίας
797 4370 1060 4420 substitute
1097 4371 1182 4419 the
1213 4369 1348 4435 gloss
1381 4366 1511 4417 εὗσε-

354 4458 504 4519 ραις.

1676 2993 1722 3042 5.
1792 2980 1999 3043 obsecra]
2067 2981 2216 3031 Latin
2262 2982 2499 3041 versinus,
2541 2984 2574 3007 ‘⁸
2590 2978 2767 3029 exhor-

1609 3060 1769 3113 tare.''

1682 3158 1754 3207 ¹3·
1814 3142 1873 3191 in
1895 3143 2148 3208 prim-apio
2180 3142 2279 3207 φ]
2362 3143 2441 3193 Cf.
2484 3156 2545 3193 11.
2589 3160 2639 3208 p.
2684 3156 2761 3205 7¹·

1612 3224 1785 3273 Points
1820 3224 1879 3273 of
1912 3226 2249 3275 resemblance
2282 3226 2386 3274 will
2420 3226 2484 3275 be
2520 3224 2675 3273 found
2714 3233 2768 3273 to

1609 3306 1735 3355 exist
1758 3306 1986 3357 between
2020 3322 2063 3357 c.
2094 3308 2125 3356 i.
2155 3326 2202 3369 4,
2233 3320 2279 3369 5,
2314 3309 2385 3366 18,
2424 3322 2479 3371 ¹9
2502 3307 2605 3356 and
2624 3324 2669 3357 c.
2696 3308 2761 3356 vi.

1612 3404 1658 3451 3,
1688 3407 1737 3450 4,
1768 3403 1840 3443 ια,
1868 3403 1947 3449 20,
1972 3404 2050 3439 αι.

1684 3473 1756 3519 18.
1818 3470 2033 3520 intendit
2062 3471 2201 3519 sanis
2234 3470 2413 3531 uerbis]
2481 3470 2546 3519 O.
2570 3470 2633 3518 L.
2666 3471 2765 3519 and

1612 3551 1783 3615 Vulg„
1807 3552 2119 3615 “acquiescit
2147 3568 2186 3601 s.
2203 3550 2514 3601 sermonibus
2526 3550 2554 3573 ’'
2574 3550 2766 3616 (Cypr.,

1618 3633 1835 3682 “uerbis
1851 3632 1917 3697 '’).
2006 3636 2105 3683 Th.
2141 3649 2352 3699 appears
2391 3640 2445 3682 to
2482 3634 2611 3683 have
2650 3635 2766 3684 read

1612 3714 1909 3777 προσέχεται
1967 3712 2047 3779 (cf.
2098 3714 2267 3765 Tisch.
2314 3714 2389 3762 ad
2425 3715 2476 3763 Ιι.
2497 3711 2577 3777 L),
2630 3713 2768 3764 since

1611 3795 1861 3845 intendere
1902 3795 1943 3844 is
1986 3796 2109 3845 used
2152 3797 2221 3860 by
2264 3812 2357 3845 our
2400 3796 2664 3845 translator
2714 3803 2769 3847 to

1613 3887 1868 3945 represent
1898 3880 2160 3943 προσέχειν
2187 3878 2239 3928 in
2261 3879 2295 3928 i.
2321 3898 2367 3941 4,
2398 3878 2459 3928 iv.
2494 3894 2569 3943 13,
2598 3878 2700 3929 Tit.
2730 3880 2762 3929 i.

1618 3977 1694 4025 14,
1718 3962 1817 4011 and
1848 3961 1941 4011 has
1974 3969 2061 4011 not
2096 3962 2225 4011 been
2258 3960 2310 4010 in
2344 3960 2444 4011 this
2478 3961 2621 4025 place
2654 3978 2765 4026 sug·

1610 4044 1784 4108 gested
1806 4043 1874 4107 by
1896 4058 1996 4106 any
2018 4043 2167 4115 Latin
2194 4043 2406 4093 version.
2478 4044 2761 4105 Doctrinae,

1613 4125 1728 4185 &c.;
1762 4123 1849 4173 the
1872 4123 2021 4173 Latin
2044 4122 2335 4173 authorities
2356 4123 2484 4173 have
2520 4124 2617 4174 “ei
2639 4140 2767 4189 quae

1612 4223 1653 4256 s.
1677 4222 1727 4271 p.
1750 4214 1824 4257 est
1848 4202 2158 4265 doctrinae,’'
2180 4206 2460 4271 answering
2481 4213 2535 4256 to
2556 4206 2641 4257 the
2666 4208 2767 4257 Gk.

1613 4289 1795 4339 textos
1810 4287 1935 4337 Cod.
1958 4287 2181 4338 Clarorn.
2202 4285 2505 4351 (τῆ...οὔσῃ).
2551 4290 2769 4347 Elatus,-

1613 4371 1677 4420 οἷ.
1708 4368 1859 4435 Cypr.
1891 4370 2000 4429 (biit)
2042 4375 2293 4433 “stupore
2326 4368 2558 4426 elatus”;
2593 4372 2767 4437 Vulg„

1615 4458 1646 4479 ‘⁶
1666 4452 1863 4500 inflatus
1878 4450 1907 4471 '’
1934 4450 2033 4514 (see
2056 4452 2231 4512 above,
2262 4468 2346 4515 pp.
2379 4466 2483 4507 iu,
2517 4454 2643 4517 ¹13)-

2806 1559 2881 1606 10
