3250 5025
378 374 838 424 FRAGMENTS
886 373 979 423 OF
1026 373 1181 422 THE
1228 372 1617 422 DOGMATIC
1665 371 1932 422 WORKS
1979 373 2072 423 OF
2119 372 2542 424 THEODORE.
2617 373 2732 436 311

319 583 371 640 3.
462 561 697 644 [Leont.
746 566 781 623 l.
828 583 869 623 c.
913 565 1002 642 (ἔκ
1027 567 1128 622 τοῦ
1156 561 1330 621 αὐτοῦ
1358 559 1573 642 λόγου).
1665 564 1795 620 Act.
1833 562 2019 622 Conc-
2053 563 2173 622 CP.
2205 559 2263 620 ii.
2300 579 2383 620 lv.
2415 577 2487 636 27
2521 558 2742 640 (“eius-
2771 619 2784 632 ⁸

482 665 621 724 dem
662 662 971 724 Theodori
1012 683 1085 724 ex
1125 661 1287 723 libris
1329 662 1406 722 de
1451 658 1874 721 Incarnatione
1895 657 1972 738 '').
2059 659 2190 737 Vig.
2250 663 2341 718 28.
2429 661 2626 736 Pelag.
2680 657 2736 719 ii.

479 762 578 820 l.c.
668 763 758 822 Cf.
796 763 1085 838 Lagarde,
1115 781 1172 838 p.
1213 758 1370 842 101].

384 896 597 959 ’Πλέον
636 898 747 981 γσῖρ
790 898 1031 978 ὦχλεῖτο
1072 897 1105 960 ὅ
1154 896 1341 976 κύριος
1390 897 1483 956 καὶ
1668 899 1810 957 Plus
1868 895 2311 974 inquietabatur
2359 895 2638 958 dominus
2681 909 2742 958 et

317 992 619 1074 ἠγωνίζετο
654 993 799 1070 πρὸς
826 995 895 1055 τοὶ
924 992 1136 1074 ψυχικδ.
1160 992 1316 1069 πάθη
1344 992 1483 1068 ὑπὲρ
1583 1007 1887 1055 certamen
1923 994 2184 1054 habebat
2224 994 2303 1053 ad
2340 993 2572 1055 animae
2610 1013 2742 1071 pas-

319 1090 394 1154 τοῖ
439 1096 541 1152 τοῦ
584 1091 867 1168 σώματος,
929 1092 1023 1152 καὶ
1074 1095 1154 1171 τῷ
1210 1093 1484 1168 κρείττονι
1584 1092 1784 1153 siones
1825 1111 2004 1168 quam
2051 1091 2334 1168 corporiS,
2380 1103 2440 1151 et
2496 1089 2742 1152 meliore

321 1193 583 1271 λογισμῷ
630 1190 733 1254 τοῖς
778 1189 987 1267 ἤδονοῖς
1032 1191 1334 1270 ἐχειροῦτο,
1380 1196 1482 1265 τῆς
1582 1189 1783 1250 animo
1812 1187 2091 1249 libidines
2117 1187 2415 1263 uincebat,
2439 1187 2742 1250 mediante

320 1285 585 1363 θεότητος
638 1288 858 1366 δηλαδὴ
912 1287 1325 1366 μεσιτευούσ-ης
1389 1288 1483 1348 καὶ
1583 1286 1639 1350 ei
1669 1287 1892 1348 deitate
1919 1288 1999 1347 ad
2025 1286 2472 1364 perfectionem.
2707 1371 2710 1373 Α
2809 1303 2840 1362 5

323 1383 655 1461 βοηθούσης
674 1385 820 1465 αὐτῷ
837 1384 977 1464 πρὸς
994 1387 1099 1462 τὴν
1114 1383 1476 1463 κατόρθωσιν.

322 1527 485 1588 unde
515 1540 574 1588 et
603 1527 883 1589 dominus
910 1530 988 1590 ad
1016 1529 1166 1590 haec
1194 1529 1455 1591 maxime
1489 1529 1806 1590 instituens
1842 1528 2081 1588 uidetur
2111 1537 2431 1588 certamen.
2516 1525 2742 1604 cupidi-

319 1636 443 1686 tate
500 1625 659 1687 enim
704 1625 1089 1704 pecuniarum
1137 1647 1265 1688 non
1314 1629 1603 1704 deceptus
1649 1639 1708 1688 et
1755 1625 1976 1704 gloriae
2025 1625 2322 1687 desiderio
2370 1644 2494 1686 non
2543 1636 2741 1686 tentus

322 1721 487 1782 carni
524 1723 770 1801 quidem
800 1725 1074 1801 praebuit
1110 1724 1277 1797 nihil,
1306 1745 1421 1786 nec
1450 1725 1611 1784 enim
1640 1723 1798 1784 illius
1827 1735 1952 1784 erat
1979 1723 2196 1784 talibus
2224 1722 2399 1784 uinci.
2479 1722 2742 1783 animam

320 1829 525 1879 autem
563 1820 612 1879 si
652 1839 775 1880 non
804 1820 1143 1898 recepisset,
1173 1821 1282 1881 sed
1311 1821 1502 1881 deitas
1538 1831 1632 1882 est
1659 1839 1816 1897 quae
1852 1819 2128 1891 euicerat‚
2158 1820 2497 1879 nullatenus
2533 1838 2740 1879 eorum
2774 1844 2847 1881 10

324 1935 479 1993 quae
518 1918 675 1977 facta
716 1927 856 1977 sunt
898 1918 977 1977 ad
1017 1937 1131 1978 nos
1168 1917 1409 1995 respicit
1444 1919 1916 1994 lucrum—quae
1954 1916 2114 1976 enim
2151 1917 2230 1977 ad
2267 1915 2742 1976 conuersationis

324 2012 751 2100 perfectionem
807 2012 1137 2075 similitudo
1192 2013 1429 2075 deitatis
1472 2025 1535 2075 et
1581 2015 1819 2074 animae
1874 2014 2169 2073 humanae
2185 2015 2356 2073 ?—et
2396 2011 2743 2074 uiderentur

325 2108 572 2169 Domini
596 2109 919 2170 certamina
946 2130 1071 2171 non
1100 2112 1179 2172 ad
1208 2130 1318 2173 nos
1338 2110 1662 2189 respiciens
1683 2111 1902 2172 habere
1923 2111 2173 2183 lucrum,
2195 2109 2300 2170 sed
2324 2108 2742 2172 ostentationis

322 2204 635 2264 cuiusdam
676 2205 864 2282 gratia
904 2205 1099 2267 fuisse.
1188 2208 1353 2284 quod
1396 2206 1445 2266 si
1486 2208 1606 2267 hoc
1641 2205 1840 2267 dicere
1882 2225 2006 2266 non
2045 2217 2136 2266 est
2168 2205 2469 2282 possibile,
2513 2216 2742 2266 certum

322 2301 545 2360 etenim
586 2311 676 2362 est
714 2303 881 2378 quod
916 2301 1018 2362 illa
1045 2314 1289 2380 propter
1323 2322 1435 2362 nos
1468 2304 1628 2362 facta
1661 2314 1818 2374 sunt,
1851 2311 1910 2361 et
1938 2299 2130 2361 maius
2159 2311 2461 2361 certamen
2487 2299 2745 2361 instituit
2777 2323 2846 2382 15

320 2399 399 2458 ad
421 2397 656 2460 animae
684 2401 1009 2477 passioneS,
1036 2400 1234 2460 minus
1262 2412 1463 2461 autem
1490 2402 1566 2461 ad
1588 2400 1782 2460 carnis
1795 2421 1814 2474 3
1851 2410 2078 2477 quanto
2107 2411 2168 2460 et
2195 2399 2448 2477 amplius
2467 2411 2529 2460 et
2555 2400 2744 2480 magis

318 2492 647 2571 inquietare
677 2495 804 2557 illas
832 2495 1221 2575 contingebat
1247 2507 1307 2558 et
1336 2497 1523 2575 magis
1551 2497 1654 2559 illa
1682 2508 1805 2583 erat
1835 2517 1992 2575 quae
2020 2506 2080 2557 et
2107 2495 2410 2575 amplioris
2437 2495 2746 2576 indigebat

321 2588 675 2666 medicinae,
722 2590 1005 2651 uidelicet
1047 2591 1215 2669 quod
1246 2603 1309 2652 et
1345 2610 1589 2651 carnem
1622 2602 1684 2651 et
1711 2590 1976 2651 animam
2005 2590 2327 2650 adsumens
2356 2609 2465 2667 per
2493 2602 2743 2669 utraque

320 2704 429 2763 pro
454 2685 721 2765 utrisque
757 2690 1059 2764 certabat;
1104 2688 1470 2749 mortificans
1514 2687 1760 2765 quidem
1800 2686 1862 2747 in
1901 2706 2082 2747 carne
2117 2698 2451 2765 peccatum,
2485 2698 2546 2749 et
2580 2708 2744 2749 man-

320 2797 561 2847 suetans
590 2786 716 2848 eius
743 2786 1025 2848 libidines
1055 2797 1116 2847 et
1142 2786 1315 2848 facile
1343 2786 1670 2864 capiendas
1691 2785 1935 2847 meliore
1964 2785 2196 2846 ratione
2223 2785 2461 2845 animae
2481 2784 2744 2861 saciens3
2775 2810 2850 2848 20

321 2885 599 2944 erudiens
653 2894 855 2945 autem
910 2884 1191 2958 animam,
1244 2897 1304 2946 et
1360 2884 1691 2946 exercitans
1741 2895 1801 2945 et
1849 2902 1986 2944 suas
2033 2883 2343 2961 passiones
2387 2882 2629 2943 uincere
2683 2896 2742 2944 et

320 2979 513 3041 carnis
572 2983 867 3043 refrenare
924 2981 1219 3043 libidines
1314 2984 1465 3043 haec
1514 2981 1678 3043 enim
1735 2980 1927 3043 deitas
1980 2979 2323 3041 inhabitans
2365 2980 2740 3059 operabatur,

319 3076 469 3136 haec
496 3076 835 3139 inhabitans
864 3081 1218 3141 medebatur
1242 3079 1475 3157 utrique
1504 3098 1728 3141 eorum.
2212 3064 2218 3071 ’

412 3372 575 3455 [Act.
611 3378 796 3437 Cone.
831 3378 1023 3438 Later.
1055 3398 1107 3437 a.
1144 3382 1261 3456 649
1290 3398 1423 3438 secr.
1452 3400 1505 3439 v.
1539 3378 1601 3455 (“
1620 3377 1889 3439 eiusdem
1938 3379 2014 3438 de
2059 3396 2335 3438 sermone
2382 3378 2661 3437 Incarna-

890 3473 1113 3534 tionis”
1158 3472 1246 3556 [ἐκ
1284 3478 1386 3534 τοῦ
1424 3476 1555 3552 περὶ
1594 3471 2161 3555 e’vavOpm-q‘mmeh}

402 3624 569 3684 Κατὰ
620 3624 725 3701 τήν
777 3625 1099 3707 πρόγνωσιν
1148 3630 1250 3687 τοῦ
1302 3626 1480 3708 λόγου
1665 3629 2009 3689 Secundum
2051 3606 2506 3705 praescientiam
2554 3629 2740 3691 Verbi

322 3720 834 3802 δειχθεὶςὸτεχθεὶς
854 3728 914 3783 ἐκ
934 3725 1035 3799 τῆς
1052 3724 1329 3798 παρθένου
1350 3724 1480 3804 δίχα
1582 3737 1858 3787 ostensus
1901 3725 2005 3803 qui
2048 3737 2222 3787 natus
2263 3738 2354 3786 est
2397 3747 2471 3787 ex
2509 3726 2740 3805 uirgine
2771 3750 2844 3809 25-

320 3823 541 3896 σπορᾶς
591 3818 896 3898 ἅνθρωπος,
954 3820 1019 3881 οὗ
1082 3822 1328 3899 διεκρίθη
1378 3825 1481 3882 τοῦ
1580 3822 1711 3883 sine
1748 3824 1978 3884 semine
2010 3824 2213 3898 hom0,
2255 3844 2379 3885 non
2414 3826 2741 3885 secernitur

319 3918 515 4000 λόγου,
532 3920 829 3996 ταυτότητι
848 3918 1072 4002 γνώμης
1097 3918 1243 4001 αὐτῷ
1270 3944 1479 3997 συνημ-
1578 3942 1617 3983 a
1644 3924 1864 3996 Verb0,
1894 3941 2002 3999 per
2033 3921 2482 3983 similitudinem
2518 3923 2740 3985 mentis

316 4017 497 4093 μένος,
568 4016 691 4080 καθ’
753 4014 847 4094 ἣν.
896 4018 1203 4095 εὐδοκήσας
1263 4019 1481 4097 ἥνωσεν
1579 4022 1780 4083 eidem
1821 4023 2150 4099 copulatuS,
2189 4040 2298 4099 per
2323 4040 2500 4099 quam
2532 4022 2738 4101 digna-

318 4112 487 4176 αὗτόν
526 4118 715 4197 ἑαυτῷ,
760 4116 854 4176 καὶ
895 4117 1155 4189 διέδειξεν
1186 4115 1359 4179 αὐτὸν
1385 4119 1479 4179 καὶ
1579 4119 1743 4180 tione
1771 4118 1966 4179 uniuit
1993 4138 2130 4180 eum
2153 4118 2284 4195 sibi,
2303 4131 2364 4182 et
2385 4122 2741 4183 monstrauit

416 4316 445 4367 5
480 4304 527 4353 ei
558 4320 636 4354 om
664 4305 709 4354 C
727 4306 781 4355 P
929 4318 955 4369 7
990 4305 1247 4359 instituere
1268 4310 1322 4358 P
1485 4322 1544 4358 ιο
1575 4324 1636 4359 ea
1668 4308 1858 4359 uicerat
1885 4308 1930 4359 C
2003 4324 2064 4359 ea
2096 4308 2318 4359 uinceret
2352 4310 2405 4362 V
2595 4326 2648 4360 η
2685 4318 2735 4361 et

315 4386 569 4436 uideretur
598 4388 644 4437 C
704 4388 857 4437 etiam
880 4388 1115 4439 uidentur
1144 4390 1195 4440 V
1382 4403 1438 4454 17
1476 4390 1589 4441 illos
1624 4390 1674 4439 V
1692 4389 1700 4455 Ι
1729 4391 2276 4456 ampliori...medicina
2311 4391 2364 4439 V
2555 4394 2612 4441 18
2646 4410 2738 4457 pro

318 4470 524 4532 utraque
548 4467 667 4531 (χὴν
686 4484 775 4533 per
798 4485 845 4519 u.
876 4485 967 4534 pro
990 4472 1061 4531 u.)
1099 4472 1144 4520 V
1303 4468 1363 4521 26
1388 4474 1470 4523 ‘est
1495 4472 1766 4523 recernitus
1789 4473 1920 4523 codd.
