3250 5025
320 306 437 371 IV.
474 308 685 393 2—4]

1030 322 1113 372 IN
1162 322 1267 373 ΕΡ.
1312 314 1415 372 AD
1462 320 1928 373 TIMOTHEUM
1975 320 2051 371 11.
2611 322 2734 387 223

448 513 582 557 non
614 494 743 558 hoc
773 493 934 559 dicit
976 503 1051 559 ut
1092 495 1446 579 inportune
1478 497 1698 573 instet,
1721 517 1879 561 narn
1909 498 2342 580 inportunum
2375 494 2741 576 quodcum-

316 618 448 681 que
478 608 595 674 est,
627 598 789 662 illud
822 598 1004 663 nulla
1036 599 1290 663 ratione
1321 601 1430 682 agi
1462 600 1682 664 debet.
1742 600 1861 663 sed
1894 601 2056 665 dicit
2085 626 2100 665 ι
2143 607 2160 637 ‘
2191 602 2444 665 nullum
2476 612 2742 683 tempus

317 701 651 783 relinquas
681 702 1065 780 doctrinae3
1114 723 1313 766 omne
1354 713 1622 785 tempus
1655 712 2109 786 opportunum
2152 704 2276 769 tibi
2321 706 2407 767 ad
2440 704 2568 768 hoc
2599 724 2744 766 esse

318 802 698 868 existimes?
760 804 887 867 hoc
918 806 1187 888 quidem
1220 806 1306 870 de
1336 806 1467 869 illis
1496 808 1658 870 dicit
1688 809 1801 889 qui
1835 808 2068 871 instrui
2101 808 2363 872 debent.
2425 810 2741 891 quoniam

322 915 545 970 autem
580 909 803 971 euenit
822 906 1092 991 ,aliquos
1123 908 1423 973 desidiae
1453 930 1656 975 causa
1685 930 1819 975 non
1851 932 2241 994 permanere
2272 913 2339 976 in
2371 912 2708 977 doctrina:

449 1098 652 1159 argue
685 1075 845 1160 (ait),
881 1075 1145 1160 increpa,
1178 1077 1441 1144 obsecra.

454 1220 692 1301 ‘arg-ue
721 1239 835 1282 eos
869 1220 983 1302 qui
1030 1220 1393 1301 persistunt
1435 1220 1501 1283 in
1544 1228 1920 1303 peccatum,
1951 1229 2024 1285 ut
2065 1221 2450 1306 intellegere
2486 1224 2746 1306 possint

320 1343 513 1387 suum
562 1333 955 1406 peccatum;
1022 1324 1274 1407 increpa
1323 1325 1721 1388 sentientem
1787 1324 2053 1409 (inquit)
2116 1347 2310 1390 suum
2371 1335 2741 1409 peccatum,

320 1427 446 1491 sub
495 1428 885 1493 definitione
949 1430 1317 1507 constitue;
1386 1430 1652 1507 obsecra,
1707 1429 1906 1493 reduc
1959 1431 2200 1495 iterum
2259 1430 2344 1494 ad
2395 1432 2742 1514 antiquum

320 1538 567 1594 statum
618 1542 773 1613 post
802 1534 1323 1615 poenitentiam!
1411 1543 1481 1599 et
1532 1533 1808 1599 modum
1859 1556 1994 1618 quo
2036 1535 2175 1600 fieri
2213 1535 2339 1599 hoc
2388 1535 2743 1598 conueniat
2782 1552 2859 1601 10

321 1633 569 1697 docens
599 1654 615 1700 ε

456 1795 525 1859 in
555 1797 737 1860 omni
747 1797 1073 1880 patientia
1101 1810 1165 1863 et
1191 1799 1499 1866 doctrina.

456 1928 706 2007 ‘neque
754 1926 841 1988 ad
888 1927 1310 2009 argutionem
1358 1948 1573 2012 neque
1620 1928 1708 1993 ad
1753 1932 2274 2015 increpationem
2324 1931 2505 1996 nulla
2537 1933 2744 1997 utaris

324 2025 411 2089 de
436 2026 565 2091 illis
589 2048 762 2110 quae
794 2030 901 2110 agi
940 2028 1127 2112 [non]
1160 2032 1604 2095 conueniunt!
1667 2042 1736 2095 et
1759 2035 2077 2116 quoniam
2111 2036 2462 2100 eueniebat
2485 2036 2744 2119 aliquos

326 2129 490 2194 haec
534 2150 669 2194 non
716 2134 1047 2215 suscipere
1094 2142 1367 2216 propter
1409 2155 1669 2199 morum
1714 2156 1980 2200 suorum
2034 2140 2454 2221 prauitatem,
2505 2140 2744 2204 iterum
2784 2158 2855 2224 15

329 2242 737 2297 memoratur
766 2233 851 2297 de
884 2233 1009 2297 illis
1038 2233 1459 2300 hominibus:

454 2378 582 2442 erit
622 2378 890 2463 (inquit)
936 2388 1179 2463 tempus
1221 2401 1367 2444 cum
1396 2401 1634 2445 sanam
1669 2381 2029 2445 doctrinam
2075 2402 2200 2445 non
2239 2380 2599 2460 admittent,
2641 2383 2759 2447 sed

327 2482 671 2547 secundum
700 2502 823 2562 sua
843 2482 1161 2548 desideria
1187 2484 1321 2550 sibi
1348 2484 1507 2569 ipsis
1522 2486 1982 2550 coac-amabunt
2003 2486 2363 2570 magistros,
2381 2488 2752 2572 prurientes

328 2587 602 2652 auribus
617 2611 649 2664 ,·
730 2598 794 2652 et
850 2611 895 2652 a
952 2588 1225 2652 ueritate
1282 2589 1543 2672 quidem
1610 2590 1918 2654 auditum
1967 2601 2275 2670 auertant,
2337 2593 2436 2655 ad
2465 2593 2751 2675 fabulas

327 2701 545 2756 autem
574 2702 1036 2757 conuertentur.

429 2879 449 2914 1
487 2866 842 2931 inoportunum
866 2883 897 2916 r
1082 2882 1110 2917 ἰ
1146 2867 1326 2917 debeat
1350 2882 1383 2916 r

1567 2880 1594 2932 7
1631 2875 1838 2934 peccatu
1866 2870 1912 2920 C
1933 2868 2080 2934 (corr)
2109 2877 2318 2936 peccato
2340 2888 2373 2921 r
2396 2871 2405 2936 Ι
2435 2871 2672 2937 intellege
2692 2871 2762 2921 Η

324 2961 357 3014 9
390 2953 439 2998 et
463 2947 691 3012 (bgfsub)
714 2947 820 2996 add
834 2963 869 2998 r
1008 2963 1067 2998 10
1099 2948 1237 3013 quod
1261 2945 1377 3012 (fir
1394 2949 1515 3013 quo)
1533 2949 1601 2998 H
1618 2947 1628 3014 Ι
1657 2949 1755 3000 hoc
1779 2949 1886 3001 fieri
1907 2966 1942 3001 r
2081 2967 2136 3002 11
2174 2952 2320 3002 docet
2343 2969 2378 3000 r
2521 2969 2577 3016 13
2612 2953 2750 3003 nulla

322 3035 488 3079 utares
511 3030 555 3079 C
574 3028 603 3054 *
626 3031 695 3078 Η
728 3029 867 3078 nulla
889 3044 993 3080 non
1012 3037 1083 3080 ut.
1118 3031 1164 3081 C
1183 3027 1329 3094 (corr)
1375 3031 1565 3080 nullam
1586 3031 1791 3083 omittas
1811 3048 1846 3083 r

330 3111 488 3160 CHr
663 3123 719 3174 17
753 3126 1000 3160 summam
1024 3111 1139 3174 (χον
1158 3111 1353 3176 sanam)
1382 3113 1533 3163 CH=
1563 3119 1701 3164 txtr

398 3289 443 3323 1.
512 3289 613 3322 non
644 3274 733 3323 hoc
762 3273 914 3336 dicit]
981 3273 1065 3324 Sc.
1088 3273 1316 3325 absolute.
1372 3274 1486 3324 The

328 3362 571 3420 apparent
607 3356 971 3406 contradiction
1004 3355 1065 3405 of
1091 3356 1175 3405 the
1209 3372 1391 3406 comm.
1431 3364 1485 3406 to

328 3437 414 3486 the
436 3453 637 3502 express
658 3437 823 3488 words
846 3439 905 3488 of
934 3439 987 3489 S.
1014 3438 1139 3488 Paul
1159 3439 1252 3489 has
1281 3439 1365 3489 led
1400 3440 1485 3490 the

329 3521 515 3570 scribes
533 3527 585 3569 to
602 3521 796 3586 change
814 3521 1081 3585 inportune
1095 3522 1203 3571 into
1224 3529 1460 3586 oportune
1466 3543 1487 3582 ;

332 3601 570 3652 Rabanus
592 3601 823 3652 however
844 3601 935 3652 has
962 3603 1225 3666 preserved
1258 3603 1345 3652 the
1379 3609 1487 3652 true

328 3682 552 3746 reading.
616 3681 695 3731 cf.
719 3682 902 3732 Thdt.=
937 3683 1073 3732 οὐδὲν
1097 3683 1301 3744 ἀκαίρως
1322 3683 1485 3745 ’γιγνό-

328 3781 469 3822 μενον
508 3765 863 3824 ἐπαινούμενον.
946 3766 1011 3814 οὔ
1044 3765 1244 3816 τοίνυν
1290 3766 1488 3815 ἅπλῶς

330 3846 429 3896 καὶ
468 3845 538 3895 ὡς
576 3846 789 3907 ἔτυχεν
833 3847 978 3895 αὐτὸν
1018 3847 1269 3907 κηρύττειν
1302 3862 1484 3909 παρεγ-

328 3925 437 3988 γυᾷ,
500 3927 633 3975 ἀλλὰ
686 3927 849 3976 πάντα
898 3929 1061 3992 καιρὸν
1108 3929 1378 3988 ἐπιτήδειον
1424 3929 1489 3978 εἰς

330 4011 474 4058 τοῦτο
517 4009 710 4072 νομίζει.
804 4007 1010 4072 Chrys.:
1068 4009 1145 4057 ἀεί
1196 4025 1276 4058 σοι
1330 4009 1489 4070 καιρὸς

332 4093 476 4140 ἔστω.

394 4171 445 4221 6.
513 4172 728 4236 increpa,
778 4170 1359 4233 οὐειτνα1τ-ἑπιτίμησον,
1394 4189 1488 4220 πα-

328 4255 616 4317 ρακάλεσον.
685 4255 757 4304 So
791 4254 971 4318 Chrys.
1006 4253 1109 4303 and
1141 4254 1295 4304 Thdt.
1376 4255 1487 4305 The

333 4337 484 4388 Latin
504 4337 795 4387 authorities
818 4336 978 4387 invert
1002 4336 1103 4387 this
1124 4338 1286 4387 order.

401 4434 445 4483 7.
490 4421 1178 4484 argue...incrcpa...obsecra]
1222 4421 1347 4470 This
1362 4427 1489 4470 terse

2012 3049 2071 3096 14
2103 3049 2207 3083 non
2229 3051 2307 3084 om
2335 3034 2379 3083 C
2397 3035 2510 3084 Ην
2532 3031 2542 3099 Ι
2572 3033 2752 3100 aliquis

1867 3113 1926 3164 18
1958 3116 2324 3165 coaceruabant
2345 3115 2414 3164 Η

1587 3275 1879 3326 distinction
1895 3277 2124 3327 deserves
2138 3284 2192 3327 to
2205 3277 2269 3327 be
2284 3277 2449 3328 added
2459 3285 2511 3329 to
2521 3280 2748 3345 Archbp.

1588 3355 1830 3405 Trench’s
1872 3357 2080 3420 chapter
2129 3372 2196 3406 on
2250 3358 2504 3418 ἐπιτιμάω,
2556 3361 2752 3423 ἐλέγχω

1590 3433 1732 3498 (Syn.
1757 3435 1830 3484 Ν.
1859 3436 1917 3484 Τ.
1945 3447 1978 3485 1.
2004 3439 2031 3496 9
2055 3436 2121 3499 4).
2194 3437 2274 3489 Cf.
2305 3438 2455 3488 Oec.:
2483 3441 2744 3499 ἔλεγξον...

1586 3518 1666 3566 καὶ
1699 3518 1826 3575 μετὰ
1856 3519 1922 3566 τὸ
1955 3519 2266 3580 ἀποδεῖξαι
2297 3520 2355 3569 τὸ
2378 3523 2616 3582 πταῖσμα,
2645 3523 2748 3570 ἐπι·

1587 3600 1964 3659 τίμησον...εϊτα
1994 3601 2120 3658 μετὰ
2153 3604 2258 3663 τὴν
2293 3603 2553 3664 πληγήν,
2589 3604 2749 3655 ἐπίθες

1588 3681 1916 3742 φάρμακον·
1943 3681 2302 3741 παρακάλεσον.

1661 3777 1735 3824 13.
1793 3766 2395 3829 neque...neque...nulla]
2452 3767 2548 3818 See
2567 3783 2650 3816 vv.
2667 3767 2749 3828 11.;

1588 3844 1693 3894 and
1737 3845 1800 3893 cf.
1841 3845 2062 3905 Ronsch,
2103 3847 2256 3904 Itala,
2288 3863 2340 3912 p.
2377 3848 2490 3912 446.
2561 3850 2740 3916 Comp.

1588 3927 1794 3991 Chrys-2
1837 3928 1907 3988 μὴ
1945 3928 2006 3978 ὡς
2039 3927 2542 3992 ὄργιζόμενος...ἀλλᾶ
2573 3935 2652 3990 τίς
2689 3929 2748 3982 ὥς

1588 4011 1761 4070 φιλῶν,
1805 4009 1865 4060 ὡς
1908 4012 2182 4071 συναλγῶν,
2228 4011 2290 4062 ὡς
2330 4010 2522 4072 μᾶλλον
2566 4015 2746 4064 ἐκείνου

1589 4092 1794 4139 πενθῶν.
1836 4091 2108 4141 Ambrstr.:
2135 4091 2286 4143 “sine
2302 4094 2632 4146 amaritudine
2648 4095 2747 4146 hoc

1588 4173 1839 4237 agendum
1861 4170 2140 4222 hortatur.”

1661 4268 1736 4316 17.
1793 4255 2080 4316 admittent]
2145 4255 2298 4306 Latin
2336 4258 2560 4309 versions
2597 4273 2746 4324 gene-

1586 4336 1732 4399 rally,
1800 4334 2216 4386 “sustinebunt.'’
2331 4339 2629 4399 Secundum,
2689 4355 2746 4390 so

1592 4419 1773 4482 Cypr.;
1808 4419 1951 4468 other
1973 4419 2124 4470 Latin
2146 4420 2452 4481 authorities,
2483 4429 2515 4451 “
2531 4420 2648 4472 ad.''

2779 2723 2865 2772 20
