<?xml version="1.0" encoding="UTF-8"?>
<!DOCTYPE html PUBLIC "-//W3C//DTD XHTML 1.0 Transitional//EN"
    "http://www.w3.org/TR/xhtml1/DTD/xhtml1-transitional.dtd">
<html xmlns="http://www.w3.org/1999/xhtml" xml:lang="en" lang="en">
 <head>
  <title>
</title>
<meta http-equiv="Content-Type" content="text/html;charset=utf-8" />
  <meta name='ocr-system' content='tesseract 3.04.00' />
  <meta name='ocr-capabilities' content='ocr_page ocr_carea ocr_par ocr_line ocrx_word'/>
</head>
<body>
  <div class='ocr_page' id='page_1' title='image "./theodoriepiscop01swetgoog_0220.png"; bbox 0 0 3250 5025; ppageno 0'>
   <div class='ocr_carea' id='block_1_1' title="bbox 2478 317 2911 403">
    <p class='ocr_par' dir='ltr' id='par_1_1' title="bbox 2478 317 2911 403">
     <span class='ocr_line' id='line_1_1' title="bbox 2478 317 2911 403; baseline 0 -20"><span class='ocrx_word' id='word_1_1' title='bbox 2478 317 2601 403; x_wconf 92' lang='lat' dir='ltr'>[II.</span> <span class='ocrx_word' id='word_1_2' title='bbox 2639 319 2911 401; x_wconf 83' lang='lat'>15—18.</span> 
     </span>
    </p>
   </div>
   <div class='ocr_carea' id='block_1_2' title="bbox 478 297 2250 391">
    <p class='ocr_par' dir='ltr' id='par_1_2' title="bbox 478 297 2250 391">
     <span class='ocr_line' id='line_1_2' title="bbox 478 297 2250 391; baseline -0.002 -2"><span class='ocrx_word' id='word_1_3' title='bbox 478 326 605 389; x_wconf 89' lang='lat'>208</span> <span class='ocrx_word' id='word_1_4' title='bbox 1140 297 1599 391; x_wconf 69' lang='lat' dir='ltr'>THEoD‘oRus</span> <span class='ocrx_word' id='word_1_5' title='bbox 1653 334 2144 389; x_wconf 86' lang='lat' dir='ltr'>MOPSUESTEN</span> <span class='ocrx_word' id='word_1_6' title='bbox 2158 334 2250 386; x_wconf 81' lang='lat' dir='ltr'>us</span> 
     </span>
    </p>
   </div>
   <div class='ocr_carea' id='block_1_3' title="bbox 471 504 2908 907">
    <p class='ocr_par' dir='ltr' id='par_1_3' title="bbox 471 504 2908 907">
     <span class='ocr_line' id='line_1_3' title="bbox 606 504 2906 595; baseline -0.004 -20"><span class='ocrx_word' id='word_1_7' title='bbox 606 514 997 576; x_wconf 87' lang='lat' dir='ltr'>‘commone</span> <span class='ocrx_word' id='word_1_8' title='bbox 1060 510 1325 595; x_wconf 88' lang='lat' dir='ltr'>(inquit)</span> <span class='ocrx_word' id='word_1_9' title='bbox 1389 521 1465 577; x_wconf 89' lang='lat' dir='ltr'>ut</span> <span class='ocrx_word' id='word_1_10' title='bbox 1523 510 1654 576; x_wconf 89' lang='lat' dir='ltr'>ista</span> <span class='ocrx_word' id='word_1_11' title='bbox 1712 516 2072 588; x_wconf 84' lang='lat' dir='ltr'><strong>sectentur,</strong></span> <span class='ocrx_word' id='word_1_12' title='bbox 2135 505 2265 571; x_wconf 92' lang='lat' dir='ltr'>Dei</span> <span class='ocrx_word' id='word_1_13' title='bbox 2329 504 2460 570; x_wconf 90' lang='lat' dir='ltr'>illis</span> <span class='ocrx_word' id='word_1_14' title='bbox 2519 522 2906 588; x_wconf 89' lang='lat' dir='ltr'>proponens</span> 
     </span>
     <span class='ocr_line' id='line_1_4' title="bbox 471 606 2902 691; baseline -0.004 -13"><span class='ocrx_word' id='word_1_15' title='bbox 471 612 809 679; x_wconf 88' lang='lat' dir='ltr'>iudicium.</span> <span class='ocrx_word' id='word_1_16' title='bbox 900 614 1035 677; x_wconf 91' lang='lat' dir='ltr'>noli</span> <span class='ocrx_word' id='word_1_17' title='bbox 1067 622 1295 679; x_wconf 84' lang='lat' dir='ltr'>autern</span> <span class='ocrx_word' id='word_1_18' title='bbox 1327 614 1741 680; x_wconf 82' lang='lat' dir='ltr'><strong>contentioni</strong></span> <span class='ocrx_word' id='word_1_19' title='bbox 1771 612 2085 691; x_wconf 84' lang='lat' dir='ltr'>studere3</span> <span class='ocrx_word' id='word_1_20' title='bbox 2129 631 2222 673; x_wconf 85' lang='lat' dir='ltr'>ex</span> <span class='ocrx_word' id='word_1_21' title='bbox 2255 609 2688 676; x_wconf 85' lang='lat' dir='ltr'>contentione</span> <span class='ocrx_word' id='word_1_22' title='bbox 2718 606 2902 670; x_wconf 78' lang='lat' dir='ltr'>enirn</span> 
     </span>
     <span class='ocr_line' id='line_1_5' title="bbox 472 709 2908 801; baseline -0.003 -20"><span class='ocrx_word' id='word_1_23' title='bbox 472 717 637 782; x_wconf 90' lang='lat' dir='ltr'>nihil</span> <span class='ocrx_word' id='word_1_24' title='bbox 696 716 1096 794; x_wconf 86' lang='lat' dir='ltr'>adnascitur,</span> <span class='ocrx_word' id='word_1_25' title='bbox 1159 715 1336 801; x_wconf 91' lang='lat' dir='ltr'>[nisi]</span> <span class='ocrx_word' id='word_1_26' title='bbox 1399 718 1559 801; x_wconf 92' lang='lat' dir='ltr'>quia</span> <span class='ocrx_word' id='word_1_27' title='bbox 1618 716 1972 781; x_wconf 88' lang='lat' dir='ltr'>mendacia</span> <span class='ocrx_word' id='word_1_28' title='bbox 2030 712 2422 778; x_wconf 88' lang='lat' dir='ltr'>confirmare</span> <span class='ocrx_word' id='word_1_29' title='bbox 2486 711 2770 796; x_wconf 88' lang='lat' dir='ltr'>cupiunt</span> <span class='ocrx_word' id='word_1_30' title='bbox 2821 709 2908 773; x_wconf 92' lang='lat' dir='ltr'>ad</span> 
     </span>
     <span class='ocr_line' id='line_1_6' title="bbox 472 818 1497 907; baseline 0 -22"><span class='ocrx_word' id='word_1_31' title='bbox 472 820 915 907; x_wconf 89' lang='lat' dir='ltr'>plurimorum</span> <span class='ocrx_word' id='word_1_32' title='bbox 944 818 1497 885; x_wconf 88' lang='lat' dir='ltr'>subuersionem.’</span> 
     </span>
    </p>
   </div>
   <div class='ocr_carea' id='block_1_4' title="bbox 413 956 2906 1238">
    <p class='ocr_par' dir='ltr' id='par_1_4' title="bbox 413 956 2906 1238">
     <span class='ocr_line' id='line_1_7' title="bbox 413 956 2905 1048; baseline -0.006 -16"><span class='ocrx_word' id='word_1_33' title='bbox 413 965 444 1032; x_wconf 88' lang='grc'><strong>5</strong></span> <span class='ocrx_word' id='word_1_34' title='bbox 586 964 845 1048; x_wconf 81' lang='lat' dir='ltr'>festina</span> <span class='ocrx_word' id='word_1_35' title='bbox 897 965 1169 1047; x_wconf 66' lang='lat' dir='ltr'>tezjbsum</span> <span class='ocrx_word' id='word_1_36' title='bbox 1201 964 1599 1048; x_wconf 84' lang='lat' dir='ltr'>probabilem</span> <span class='ocrx_word' id='word_1_37' title='bbox 1651 962 1935 1028; x_wconf 76' lang='lat' dir='ltr'>exhibere</span> <span class='ocrx_word' id='word_1_38' title='bbox 1979 959 2249 1038; x_wconf 74' lang='lat' dir='ltr'>Christe,</span> <span class='ocrx_word' id='word_1_39' title='bbox 2283 957 2648 1043; x_wconf 83' lang='lat' dir='ltr'>operarium</span> <span class='ocrx_word' id='word_1_40' title='bbox 2692 956 2905 1021; x_wconf 83' lang='lat' dir='ltr'>incon-</span> 
     </span>
     <span class='ocr_line' id='line_1_8' title="bbox 454 1064 2906 1152; baseline -0.003 -20"><span class='ocrx_word' id='word_1_41' title='bbox 454 1069 817 1152; x_wconf 83' lang='lat' dir='ltr'>fusibilem,</span> <span class='ocrx_word' id='word_1_42' title='bbox 886 1079 1044 1134; x_wconf 86' lang='lat' dir='ltr'>recte</span> <span class='ocrx_word' id='word_1_43' title='bbox 1106 1078 1487 1134; x_wconf 84' lang='lat' dir='ltr'><em>tractantem</em></span> <span class='ocrx_word' id='word_1_44' title='bbox 1545 1067 1816 1134; x_wconf 84' lang='lat' dir='ltr'>uerbum</span> <span class='ocrx_word' id='word_1_45' title='bbox 1871 1065 2174 1131; x_wconf 70' lang='lat' dir='ltr'>ueritatis·</span> <span class='ocrx_word' id='word_1_46' title='bbox 2189 1089 2222 1143; x_wconf 89' lang='lat'>,·</span> <span class='ocrx_word' id='word_1_47' title='bbox 2281 1064 2617 1149; x_wconf 85' lang='lat' dir='ltr'>profanas</span> <span class='ocrx_word' id='word_1_48' title='bbox 2688 1071 2906 1126; x_wconf 90' lang='lat' dir='ltr'>autem</span> 
     </span>
     <span class='ocr_line' id='line_1_9' title="bbox 474 1173 1328 1238; baseline 0 -1"><span class='ocrx_word' id='word_1_49' title='bbox 474 1194 701 1238; x_wconf 84' lang='lat' dir='ltr'><em>uocum</em></span> <span class='ocrx_word' id='word_1_50' title='bbox 730 1174 1053 1237; x_wconf 82' lang='lat' dir='ltr'>nouitates</span> <span class='ocrx_word' id='word_1_51' title='bbox 1081 1173 1328 1238; x_wconf 80' lang='lat' dir='ltr'>deuita.</span> 
     </span>
    </p>
   </div>
   <div class='ocr_carea' id='block_1_5' title="bbox 375 1290 2904 1790">
    <p class='ocr_par' dir='ltr' id='par_1_5' title="bbox 375 1290 2904 1790">
     <span class='ocr_line' id='line_1_10' title="bbox 603 1290 2902 1376; baseline -0.003 -19"><span class='ocrx_word' id='word_1_52' title='bbox 603 1295 941 1359; x_wconf 85' lang='lat' dir='ltr'>‘cautelae</span> <span class='ocrx_word' id='word_1_53' title='bbox 969 1294 1368 1376; x_wconf 86' lang='lat' dir='ltr'>dogmatum</span> <span class='ocrx_word' id='word_1_54' title='bbox 1412 1292 1704 1371; x_wconf 86' lang='lat' dir='ltr'>intende,</span> <span class='ocrx_word' id='word_1_55' title='bbox 1738 1302 1808 1357; x_wconf 90' lang='lat' dir='ltr'>et</span> <span class='ocrx_word' id='word_1_56' title='bbox 1849 1313 1930 1357; x_wconf 90' lang='lat' dir='ltr'>ea</span> <span class='ocrx_word' id='word_1_57' title='bbox 1972 1313 2148 1376; x_wconf 88' lang='lat' dir='ltr'>quae</span> <span class='ocrx_word' id='word_1_58' title='bbox 2188 1290 2490 1357; x_wconf 86' lang='lat' dir='ltr'>ueritatis</span> <span class='ocrx_word' id='word_1_59' title='bbox 2529 1298 2688 1353; x_wconf 90' lang='lat' dir='ltr'>sunt</span> <span class='ocrx_word' id='word_1_60' title='bbox 2718 1306 2902 1351; x_wconf 91' lang='lat' dir='ltr'>com-</span> 
     </span>
     <span class='ocr_line' id='line_1_11' title="bbox 476 1389 2904 1478; baseline -0.003 -17"><span class='ocrx_word' id='word_1_61' title='bbox 476 1416 675 1461; x_wconf 87' lang='lat' dir='ltr'>mone</span> <span class='ocrx_word' id='word_1_62' title='bbox 696 1420 713 1476; x_wconf 83' lang='lat'>3</span> <span class='ocrx_word' id='word_1_63' title='bbox 784 1404 969 1461; x_wconf 87' lang='lat' dir='ltr'>recto</span> <span class='ocrx_word' id='word_1_64' title='bbox 1027 1396 1236 1460; x_wconf 89' lang='lat' dir='ltr'>edoce</span> <span class='ocrx_word' id='word_1_65' title='bbox 1297 1396 1623 1473; x_wconf 89' lang='lat' dir='ltr'>instituto,</span> <span class='ocrx_word' id='word_1_66' title='bbox 1679 1405 1749 1461; x_wconf 87' lang='lat' dir='ltr'>et</span> <span class='ocrx_word' id='word_1_67' title='bbox 1796 1416 1932 1459; x_wconf 90' lang='lat' dir='ltr'>non</span> <span class='ocrx_word' id='word_1_68' title='bbox 1983 1395 2216 1478; x_wconf 85' lang='lat' dir='ltr'>pigeas</span> <span class='ocrx_word' id='word_1_69' title='bbox 2268 1394 2572 1459; x_wconf 88' lang='lat' dir='ltr'>laborem</span> <span class='ocrx_word' id='word_1_70' title='bbox 2622 1412 2752 1476; x_wconf 91' lang='lat' dir='ltr'>pro</span> <span class='ocrx_word' id='word_1_71' title='bbox 2799 1389 2904 1454; x_wconf 89' lang='lat' dir='ltr'>his</span> 
     </span>
     <span class='ocr_line' id='line_1_12' title="bbox 375 1495 2902 1587; baseline 0 -28"><span class='ocrx_word' id='word_1_72' title='bbox 375 1511 454 1560; x_wconf 93' lang='lat'>10</span> <span class='ocrx_word' id='word_1_73' title='bbox 474 1500 711 1566; x_wconf 92' lang='lat' dir='ltr'>subire.</span> <span class='ocrx_word' id='word_1_74' title='bbox 799 1521 958 1565; x_wconf 89' lang='lat' dir='ltr'>nam</span> <span class='ocrx_word' id='word_1_75' title='bbox 1016 1501 1549 1565; x_wconf 87' lang='lat' dir='ltr'>aduersariorum</span> <span class='ocrx_word' id='word_1_76' title='bbox 1607 1500 1926 1587; x_wconf 53' lang='lat' dir='ltr'>nouzfftates</span> <span class='ocrx_word' id='word_1_77' title='bbox 1983 1520 2226 1575; x_wconf 87' lang='lat' dir='ltr'>uocum,</span> <span class='ocrx_word' id='word_1_78' title='bbox 2289 1519 2465 1583; x_wconf 90' lang='lat' dir='ltr'>quae</span> <span class='ocrx_word' id='word_1_79' title='bbox 2527 1496 2710 1561; x_wconf 89' lang='lat' dir='ltr'>omni</span> <span class='ocrx_word' id='word_1_80' title='bbox 2777 1495 2902 1559; x_wconf 87' lang='lat' dir='ltr'>irn-</span> 
     </span>
     <span class='ocr_line' id='line_1_13' title="bbox 474 1601 2900 1687; baseline -0.001 -22"><span class='ocrx_word' id='word_1_81' title='bbox 474 1602 805 1668; x_wconf 88' lang='lat' dir='ltr'>munditia</span> <span class='ocrx_word' id='word_1_82' title='bbox 862 1604 1102 1687; x_wconf 87' lang='lat' dir='ltr'>plenae</span> <span class='ocrx_word' id='word_1_83' title='bbox 1159 1613 1335 1684; x_wconf 90' lang='lat' dir='ltr'>sunt,</span> <span class='ocrx_word' id='word_1_84' title='bbox 1394 1602 1482 1668; x_wconf 91' lang='lat' dir='ltr'>ad</span> <span class='ocrx_word' id='word_1_85' title='bbox 1529 1603 1967 1667; x_wconf 90' lang='lat' dir='ltr'>nociuitatem</span> <span class='ocrx_word' id='word_1_86' title='bbox 2014 1602 2378 1667; x_wconf 88' lang='lat' dir='ltr'>multorum</span> <span class='ocrx_word' id='word_1_87' title='bbox 2441 1601 2900 1684; x_wconf 85' lang='lat' dir='ltr'>excogitatae,</span> 
     </span>
     <span class='ocr_line' id='line_1_14' title="bbox 475 1703 763 1790; baseline 0.007 -19"><span class='ocrx_word' id='word_1_88' title='bbox 475 1703 763 1790; x_wconf 85' lang='lat' dir='ltr'>repelle.’</span> 
     </span>
    </p>
   </div>
   <div class='ocr_carea' id='block_1_6' title="bbox 374 1847 2904 2231">
    <p class='ocr_par' dir='ltr' id='par_1_6' title="bbox 603 1847 2904 1936">
     <span class='ocr_line' id='line_1_15' title="bbox 603 1847 2904 1936; baseline -0.001 -21"><span class='ocrx_word' id='word_1_89' title='bbox 603 1851 886 1917; x_wconf 86' lang='lat' dir='ltr'>multum</span> <span class='ocrx_word' id='word_1_90' title='bbox 914 1861 1132 1917; x_wconf 84' lang='lat' dir='ltr'>autem</span> <span class='ocrx_word' id='word_1_91' title='bbox 1160 1851 1518 1936; x_wconf 84' lang='lat' dir='ltr'>proficiunt</span> <span class='ocrx_word' id='word_1_92' title='bbox 1555 1851 1656 1915; x_wconf 87' lang='lat' dir='ltr'>ad</span> <span class='ocrx_word' id='word_1_93' title='bbox 1684 1850 2091 1935; x_wconf 80' lang='lat' dir='ltr'>impietatem,</span> <span class='ocrx_word' id='word_1_94' title='bbox 2120 1860 2186 1915; x_wconf 87' lang='lat' dir='ltr'>et</span> <span class='ocrx_word' id='word_1_95' title='bbox 2219 1870 2426 1915; x_wconf 83' lang='lat' dir='ltr'>sermo</span> <span class='ocrx_word' id='word_1_96' title='bbox 2467 1869 2689 1914; x_wconf 85' lang='lat' dir='ltr'>eorum</span> <span class='ocrx_word' id='word_1_97' title='bbox 2731 1847 2904 1913; x_wconf 83' lang='lat' dir='ltr'>sicut</span> 
     </span>
    </p>

    <p class='ocr_par' dir='ltr' id='par_1_7' title="bbox 470 1952 2898 2041">
     <span class='ocr_line' id='line_1_16' title="bbox 470 1952 2898 2041; baseline -0.001 -22"><span class='ocrx_word' id='word_1_98' title='bbox 470 1972 695 2021; x_wconf 82' lang='lat' dir='ltr'>cancer</span> <span class='ocrx_word' id='word_1_99' title='bbox 724 1957 967 2041; x_wconf 49' lang='lat' dir='ltr'>semin·</span> <span class='ocrx_word' id='word_1_100' title='bbox 1014 1978 1095 2021; x_wconf 80' lang='lat' dir='ltr'>ex</span> <span class='ocrx_word' id='word_1_101' title='bbox 1125 1957 1361 2040; x_wconf 82' lang='lat' dir='ltr'>quibus</span> <span class='ocrx_word' id='word_1_102' title='bbox 1386 1967 1485 2021; x_wconf 87' lang='lat' dir='ltr'>est</span> <span class='ocrx_word' id='word_1_103' title='bbox 1510 1956 1927 2039; x_wconf 75' lang='lat' dir='ltr'>Hymenaeus</span> <span class='ocrx_word' id='word_1_104' title='bbox 1966 1966 2032 2020; x_wconf 88' lang='lat' dir='ltr'>et</span> <span class='ocrx_word' id='word_1_105' title='bbox 2070 1955 2335 2032; x_wconf 83' lang='lat' dir='ltr'>Filetus,</span> <span class='ocrx_word' id='word_1_106' title='bbox 2367 1953 2488 2038; x_wconf 86' lang='lat' dir='ltr'>qui</span> <span class='ocrx_word' id='word_1_107' title='bbox 2532 1975 2577 2018; x_wconf 90' lang='lat' dir='ltr'>a</span> <span class='ocrx_word' id='word_1_108' title='bbox 2617 1952 2898 2019; x_wconf 83' lang='lat' dir='ltr'>ueritate</span> 
     </span>
    </p>

    <p class='ocr_par' dir='ltr' id='par_1_8' title="bbox 374 2058 2900 2231">
     <span class='ocr_line' id='line_1_17' title="bbox 374 2058 2900 2143; baseline -0.002 -20"><span class='ocrx_word' id='word_1_109' title='bbox 374 2062 445 2131; x_wconf 81' lang='lat'>15</span> <span class='ocrx_word' id='word_1_110' title='bbox 469 2060 852 2139; x_wconf 81' lang='lat' dir='ltr'>exciderunt,</span> <span class='ocrx_word' id='word_1_111' title='bbox 889 2060 1164 2125; x_wconf 84' lang='lat' dir='ltr'>dicentes</span> <span class='ocrx_word' id='word_1_112' title='bbox 1202 2059 1720 2125; x_wconf 78' lang='lat' dir='ltr'>resurrectionem</span> <span class='ocrx_word' id='word_1_113' title='bbox 1765 2061 1902 2125; x_wconf 81' lang='lat' dir='ltr'>iam</span> <span class='ocrx_word' id='word_1_114' title='bbox 1928 2060 2196 2143; x_wconf 86' lang='lat' dir='ltr'>factam</span> <span class='ocrx_word' id='word_1_115' title='bbox 2233 2079 2380 2135; x_wconf 85' lang='lat' dir='ltr'>esse,</span> <span class='ocrx_word' id='word_1_116' title='bbox 2422 2067 2488 2122; x_wconf 85' lang='lat' dir='ltr'>et</span> <span class='ocrx_word' id='word_1_117' title='bbox 2506 2058 2717 2143; x_wconf 86' lang='lat' dir='ltr'>fidem</span> <span class='ocrx_word' id='word_1_118' title='bbox 2747 2077 2900 2140; x_wconf 86' lang='lat' dir='ltr'><em>quo·</em></span> 
     </span>
     <span class='ocr_line' id='line_1_18' title="bbox 475 2163 1187 2231; baseline 0.003 -3"><span class='ocrx_word' id='word_1_119' title='bbox 475 2163 759 2228; x_wconf 84' lang='lat' dir='ltr'>rundam</span> <span class='ocrx_word' id='word_1_120' title='bbox 788 2165 1187 2231; x_wconf 84' lang='lat' dir='ltr'>subuertunt.</span> 
     </span>
    </p>
   </div>
   <div class='ocr_carea' id='block_1_7' title="bbox 367 2287 2897 2686">
    <p class='ocr_par' dir='ltr' id='par_1_9' title="bbox 470 2287 2897 2583">
     <span class='ocr_line' id='line_1_19' title="bbox 590 2287 2897 2376; baseline -0.002 -20"><span class='ocrx_word' id='word_1_121' title='bbox 590 2292 737 2358; x_wconf 87' lang='lat' dir='ltr'>uult</span> <span class='ocrx_word' id='word_1_122' title='bbox 768 2292 1013 2358; x_wconf 86' lang='lat' dir='ltr'>dicere:</span> <span class='ocrx_word' id='word_1_123' title='bbox 1044 2293 1207 2358; x_wconf 89' lang='lat' dir='ltr'>‘noli</span> <span class='ocrx_word' id='word_1_124' title='bbox 1241 2313 1492 2358; x_wconf 90' lang='lat' dir='ltr'>nouum</span> <span class='ocrx_word' id='word_1_125' title='bbox 1516 2292 1768 2376; x_wconf 91' lang='lat' dir='ltr'>aliquid</span> <span class='ocrx_word' id='word_1_126' title='bbox 1801 2292 2192 2355; x_wconf 86' lang='lat' dir='ltr'>existimare</span> <span class='ocrx_word' id='word_1_127' title='bbox 2222 2290 2346 2355; x_wconf 90' lang='lat' dir='ltr'>etsi</span> <span class='ocrx_word' id='word_1_128' title='bbox 2369 2288 2741 2354; x_wconf 87' lang='lat' dir='ltr'>secundum</span> <span class='ocrx_word' id='word_1_129' title='bbox 2773 2287 2897 2351; x_wconf 88' lang='lat' dir='ltr'>im-</span> 
     </span>
     <span class='ocr_line' id='line_1_20' title="bbox 474 2390 2895 2479; baseline -0.002 -20"><span class='ocrx_word' id='word_1_130' title='bbox 474 2396 798 2479; x_wconf 86' lang='lat' dir='ltr'>pietatem</span> <span class='ocrx_word' id='word_1_131' title='bbox 829 2404 1224 2479; x_wconf 87' lang='lat' dir='ltr'>prouectum</span> <span class='ocrx_word' id='word_1_132' title='bbox 1256 2417 1371 2460; x_wconf 90' lang='lat' dir='ltr'>eos</span> <span class='ocrx_word' id='word_1_133' title='bbox 1412 2397 1499 2460; x_wconf 92' lang='lat' dir='ltr'>ad</span> <span class='ocrx_word' id='word_1_134' title='bbox 1546 2414 1864 2479; x_wconf 87' lang='lat' dir='ltr'>praesens</span> <span class='ocrx_word' id='word_1_135' title='bbox 1893 2392 2142 2457; x_wconf 89' lang='lat' dir='ltr'>habere</span> <span class='ocrx_word' id='word_1_136' title='bbox 2177 2394 2555 2476; x_wconf 87' lang='lat' dir='ltr'>perspicias,</span> <span class='ocrx_word' id='word_1_137' title='bbox 2589 2413 2670 2456; x_wconf 91' lang='lat' dir='ltr'>eo</span> <span class='ocrx_word' id='word_1_138' title='bbox 2713 2390 2895 2473; x_wconf 93' lang='lat' dir='ltr'>quod</span> 
     </span>
     <span class='ocr_line' id='line_1_21' title="bbox 470 2494 2896 2583; baseline -0.003 -19"><span class='ocrx_word' id='word_1_139' title='bbox 470 2498 672 2564; x_wconf 89' lang='lat' dir='ltr'>multi</span> <span class='ocrx_word' id='word_1_140' title='bbox 720 2520 836 2564; x_wconf 89' lang='lat' dir='ltr'>eos</span> <span class='ocrx_word' id='word_1_141' title='bbox 870 2499 1379 2583; x_wconf 87' lang='lat' dir='ltr'>subsequentur.</span> <span class='ocrx_word' id='word_1_142' title='bbox 1470 2498 1559 2562; x_wconf 92' lang='lat' dir='ltr'>ad</span> <span class='ocrx_word' id='word_1_143' title='bbox 1612 2496 2120 2563; x_wconf 87' lang='lat' dir='ltr'>similitudinem</span> <span class='ocrx_word' id='word_1_144' title='bbox 2162 2504 2234 2561; x_wconf 88' lang='lat' dir='ltr'>et</span> <span class='ocrx_word' id='word_1_145' title='bbox 2283 2505 2514 2560; x_wconf 87' lang='lat' dir='ltr'>autem</span> <span class='ocrx_word' id='word_1_146' title='bbox 2567 2494 2896 2579; x_wconf 89' lang='lat' dir='ltr'>passionis</span> 
     </span>
    </p>

    <p class='ocr_par' dir='ltr' id='par_1_10' title="bbox 367 2595 2894 2686">
     <span class='ocr_line' id='line_1_22' title="bbox 367 2595 2894 2686; baseline -0.004 -17"><span class='ocrx_word' id='word_1_147' title='bbox 367 2623 453 2673; x_wconf 92' lang='lat'>20</span> <span class='ocrx_word' id='word_1_148' title='bbox 474 2601 824 2686; x_wconf 89' lang='lat' dir='ltr'>cancer[is]</span> <span class='ocrx_word' id='word_1_149' title='bbox 856 2601 971 2685; x_wconf 87' lang='lat' dir='ltr'>qui</span> <span class='ocrx_word' id='word_1_150' title='bbox 1000 2603 1172 2680; x_wconf 84' lang='lat' dir='ltr'>solet</span> <span class='ocrx_word' id='word_1_151' title='bbox 1202 2621 1465 2684; x_wconf 88' lang='lat' dir='ltr'>serpere</span> <span class='ocrx_word' id='word_1_152' title='bbox 1497 2601 1564 2664; x_wconf 89' lang='lat' dir='ltr'>in</span> <span class='ocrx_word' id='word_1_153' title='bbox 1594 2619 1888 2683; x_wconf 86' lang='lat' dir='ltr'>gregem,</span> <span class='ocrx_word' id='word_1_154' title='bbox 1919 2598 2124 2662; x_wconf 88' lang='lat' dir='ltr'>etiam</span> <span class='ocrx_word' id='word_1_155' title='bbox 2156 2597 2282 2682; x_wconf 94' lang='lat' dir='ltr'>ipsi</span> <span class='ocrx_word' id='word_1_156' title='bbox 2315 2597 2565 2661; x_wconf 88' lang='lat' dir='ltr'>multos</span> <span class='ocrx_word' id='word_1_157' title='bbox 2595 2595 2894 2660; x_wconf 90' lang='lat' dir='ltr'>fidelium</span> 
     </span>
    </p>
   </div>
   <div class='ocr_carea' id='block_1_8' title="bbox 471 2747 2900 3310">
    <p class='ocr_par' dir='ltr' id='par_1_11' title="bbox 471 2747 2900 3310">
     <span class='ocr_line' id='line_1_23' title="bbox 1409 2747 2898 2816; baseline -0.003 -15"><span class='ocrx_word' id='word_1_158' title='bbox 1409 2767 1438 2815; x_wconf 82' lang='lat'><strong>3</strong></span> <span class='ocrx_word' id='word_1_159' title='bbox 1492 2751 1587 2802; x_wconf 87' lang='lat' dir='ltr'>nisi</span> <span class='ocrx_word' id='word_1_160' title='bbox 1633 2767 1713 2802; x_wconf 85' lang='lat' dir='ltr'>om</span> <span class='ocrx_word' id='word_1_161' title='bbox 1761 2749 1918 2816; x_wconf 71' lang='lat' dir='ltr'>CH}</span> <span class='ocrx_word' id='word_1_162' title='bbox 1949 2765 2078 2816; x_wconf 83' lang='lat' dir='ltr'>quae</span> <span class='ocrx_word' id='word_1_163' title='bbox 2125 2747 2242 2815; x_wconf 84' lang='lat' dir='ltr'>(for</span> <span class='ocrx_word' id='word_1_164' title='bbox 2281 2747 2418 2815; x_wconf 82' lang='lat' dir='ltr'>quia)</span> <span class='ocrx_word' id='word_1_165' title='bbox 2469 2749 2593 2799; x_wconf 88' lang='lat' dir='ltr'>CH</span> <span class='ocrx_word' id='word_1_166' title='bbox 2685 2747 2822 2814; x_wconf 88' lang='lat' dir='ltr'>quod</span> <span class='ocrx_word' id='word_1_167' title='bbox 2865 2763 2898 2797; x_wconf 80' lang='lat' dir='ltr'><em>r</em></span> 
     </span>
     <span class='ocr_line' id='line_1_24' title="bbox 473 2829 2900 2900; baseline -0.002 -16"><span class='ocrx_word' id='word_1_168' title='bbox 473 2855 506 2898; x_wconf 84' lang='lat'>4</span> <span class='ocrx_word' id='word_1_169' title='bbox 536 2834 755 2900; x_wconf 87' lang='lat' dir='ltr'>plurimo</span> <span class='ocrx_word' id='word_1_170' title='bbox 798 2850 901 2884; x_wconf 88' lang='lat' dir='ltr'>non</span> <span class='ocrx_word' id='word_1_171' title='bbox 943 2833 1059 2898; x_wconf 61' lang='grc' dir='ltr'>(χόν</span> <span class='ocrx_word' id='word_1_172' title='bbox 1093 2832 1441 2898; x_wconf 86' lang='lat' dir='ltr'>plurimorum)</span> <span class='ocrx_word' id='word_1_173' title='bbox 1482 2832 1664 2884; x_wconf 71' lang='lat' dir='ltr'>C’H*</span> <span class='ocrx_word' id='word_1_174' title='bbox 2026 2847 2054 2895; x_wconf 80' lang='lat'>5</span> <span class='ocrx_word' id='word_1_175' title='bbox 2089 2831 2300 2881; x_wconf 85' lang='lat' dir='ltr'>sollicite</span> <span class='ocrx_word' id='word_1_176' title='bbox 2333 2831 2422 2881; x_wconf 77' lang='grc' dir='ltr'><strong>διο.</strong></span> <span class='ocrx_word' id='word_1_177' title='bbox 2463 2831 2542 2894; x_wconf 88' lang='lat' dir='ltr'>[as</span> <span class='ocrx_word' id='word_1_178' title='bbox 2575 2830 2632 2880; x_wconf 80' lang='lat' dir='ltr'>in</span> <span class='ocrx_word' id='word_1_179' title='bbox 2665 2829 2833 2894; x_wconf 63' lang='lat' dir='ltr'><em>Vulg]</em></span> <span class='ocrx_word' id='word_1_180' title='bbox 2867 2846 2900 2879; x_wconf 86' lang='lat' dir='ltr'><em>r</em></span> 
     </span>
     <span class='ocr_line' id='line_1_25' title="bbox 473 2911 2896 2981; baseline -0.003 -14"><span class='ocrx_word' id='word_1_181' title='bbox 473 2916 506 2967; x_wconf 93' lang='lat'><strong>6</strong></span> <span class='ocrx_word' id='word_1_182' title='bbox 538 2917 747 2967; x_wconf 83' lang='lat' dir='ltr'>ueritate</span> <span class='ocrx_word' id='word_1_183' title='bbox 774 2915 857 2966; x_wconf 76' lang='lat' dir='ltr'>C*</span> <span class='ocrx_word' id='word_1_184' title='bbox 876 2917 944 2965; x_wconf 94' lang='lat' dir='ltr'><em>H</em></span> <span class='ocrx_word' id='word_1_185' title='bbox 960 2915 969 2981; x_wconf 91' lang='grc' dir='ltr'>Ι</span> <span class='ocrx_word' id='word_1_186' title='bbox 1000 2917 1209 2980; x_wconf 81' lang='lat' dir='ltr'>profana</span> <span class='ocrx_word' id='word_1_187' title='bbox 1228 2931 1275 2965; x_wconf 86' lang='lat' dir='ltr'>a.</span> <span class='ocrx_word' id='word_1_188' title='bbox 1299 2914 1609 2979; x_wconf 84' lang='lat' dir='ltr'>inaniloquia</span> <span class='ocrx_word' id='word_1_189' title='bbox 1630 2930 1663 2964; x_wconf 80' lang='lat' dir='ltr'><em>r</em></span> <span class='ocrx_word' id='word_1_190' title='bbox 1918 2914 1948 2962; x_wconf 90' lang='lat'>8</span> <span class='ocrx_word' id='word_1_191' title='bbox 1981 2927 2249 2963; x_wconf 86' lang='lat' dir='ltr'>commune</span> <span class='ocrx_word' id='word_1_192' title='bbox 2275 2913 2397 2963; x_wconf 87' lang='lat' dir='ltr'>CH</span> <span class='ocrx_word' id='word_1_193' title='bbox 2636 2927 2689 2961; x_wconf 86' lang='lat'>11</span> <span class='ocrx_word' id='word_1_194' title='bbox 2729 2911 2896 2976; x_wconf 86' lang='lat' dir='ltr'>plena,</span> 
     </span>
     <span class='ocr_line' id='line_1_26' title="bbox 471 2990 2896 3063; baseline -0.002 -15"><span class='ocrx_word' id='word_1_195' title='bbox 471 3001 752 3063; x_wconf 83' lang='lat' dir='ltr'>excogitata</span> <span class='ocrx_word' id='word_1_196' title='bbox 779 2999 825 3048; x_wconf 87' lang='lat' dir='ltr'><em>C</em></span> <span class='ocrx_word' id='word_1_197' title='bbox 833 2999 897 3048; x_wconf 86' lang='lat' dir='ltr'><em>H</em></span> <span class='ocrx_word' id='word_1_198' title='bbox 904 2996 968 3062; x_wconf 77' lang='grc' dir='ltr'>νΙ</span> <span class='ocrx_word' id='word_1_199' title='bbox 999 3005 1049 3047; x_wconf 91' lang='lat' dir='ltr'>et</span> <span class='ocrx_word' id='word_1_200' title='bbox 1084 2997 1181 3060; x_wconf 83' lang='lat' dir='ltr'>(ast</span> <span class='ocrx_word' id='word_1_201' title='bbox 1210 2996 1344 3062; x_wconf 86' lang='lat' dir='ltr'>sunt)</span> <span class='ocrx_word' id='word_1_202' title='bbox 1380 2996 1485 3046; x_wconf 83' lang='lat' dir='ltr'>add</span> <span class='ocrx_word' id='word_1_203' title='bbox 1510 3011 1543 3044; x_wconf 87' lang='lat' dir='ltr'><em>r</em></span> <span class='ocrx_word' id='word_1_204' title='bbox 1566 2993 1576 3060; x_wconf 86' lang='grc' dir='ltr'>Ι</span> <span class='ocrx_word' id='word_1_205' title='bbox 1605 2994 1882 3045; x_wconf 85' lang='lat' dir='ltr'>nouitatem</span> <span class='ocrx_word' id='word_1_206' title='bbox 1922 2993 2036 3058; x_wconf 83' lang='lat' dir='ltr'>(sor</span> <span class='ocrx_word' id='word_1_207' title='bbox 2065 2991 2254 3058; x_wconf 88' lang='lat' dir='ltr'>nociu.)</span> <span class='ocrx_word' id='word_1_208' title='bbox 2281 2993 2403 3044; x_wconf 84' lang='lat' dir='ltr'>CH</span> <span class='ocrx_word' id='word_1_209' title='bbox 2421 2991 2430 3058; x_wconf 85' lang='grc' dir='ltr'>Ι</span> <span class='ocrx_word' id='word_1_210' title='bbox 2457 3001 2572 3044; x_wconf 81' lang='lat' dir='ltr'>sunt</span> <span class='ocrx_word' id='word_1_211' title='bbox 2597 2990 2693 3058; x_wconf 80' lang='lat' dir='ltr'>(ast</span> <span class='ocrx_word' id='word_1_212' title='bbox 2727 2992 2896 3054; x_wconf 85' lang='lat' dir='ltr'>mult.)</span> 
     </span>
     <span class='ocr_line' id='line_1_27' title="bbox 471 3075 2899 3145; baseline -0.002 -15"><span class='ocrx_word' id='word_1_213' title='bbox 471 3082 575 3131; x_wconf 83' lang='lat' dir='ltr'>add</span> <span class='ocrx_word' id='word_1_214' title='bbox 597 3081 643 3129; x_wconf 89' lang='lat' dir='ltr'><em>C</em></span> <span class='ocrx_word' id='word_1_215' title='bbox 652 3079 764 3130; x_wconf 76' lang='lat' dir='ltr'>*H</span> <span class='ocrx_word' id='word_1_216' title='bbox 768 3096 799 3128; x_wconf 86' lang='lat' dir='ltr'><em>r</em></span> <span class='ocrx_word' id='word_1_217' title='bbox 1015 3093 1072 3143; x_wconf 87' lang='lat'>15</span> <span class='ocrx_word' id='word_1_218' title='bbox 1108 3095 1216 3128; x_wconf 87' lang='lat' dir='ltr'>esse</span> <span class='ocrx_word' id='word_1_219' title='bbox 1238 3094 1317 3129; x_wconf 86' lang='lat' dir='ltr'>om</span> <span class='ocrx_word' id='word_1_220' title='bbox 1339 3095 1373 3128; x_wconf 90' lang='lat' dir='ltr'><em>r</em></span> <span class='ocrx_word' id='word_1_221' title='bbox 1396 3077 1405 3145; x_wconf 91' lang='grc' dir='ltr'>Ι</span> <span class='ocrx_word' id='word_1_222' title='bbox 1434 3078 1579 3129; x_wconf 89' lang='lat' dir='ltr'>subu.</span> <span class='ocrx_word' id='word_1_223' title='bbox 1604 3077 1692 3127; x_wconf 85' lang='lat' dir='ltr'>fid.</span> <span class='ocrx_word' id='word_1_224' title='bbox 1716 3093 1859 3143; x_wconf 89' lang='lat' dir='ltr'>quor.</span> <span class='ocrx_word' id='word_1_225' title='bbox 1884 3093 1918 3126; x_wconf 90' lang='lat' dir='ltr'><em>r</em></span> <span class='ocrx_word' id='word_1_226' title='bbox 2115 3088 2173 3139; x_wconf 82' lang='lat'>17</span> <span class='ocrx_word' id='word_1_227' title='bbox 2207 3085 2256 3127; x_wconf 86' lang='lat' dir='ltr'>et</span> <span class='ocrx_word' id='word_1_228' title='bbox 2282 3075 2395 3143; x_wconf 86' lang='lat' dir='ltr'>(sor</span> <span class='ocrx_word' id='word_1_229' title='bbox 2426 3075 2540 3138; x_wconf 87' lang='lat' dir='ltr'>etsi)</span> <span class='ocrx_word' id='word_1_230' title='bbox 2564 3092 2598 3125; x_wconf 85' lang='lat' dir='ltr'><strong><em>r</em></strong></span> <span class='ocrx_word' id='word_1_231' title='bbox 2624 3075 2631 3140; x_wconf 91' lang='grc' dir='ltr'>Ι</span> <span class='ocrx_word' id='word_1_232' title='bbox 2660 3077 2899 3141; x_wconf 84' lang='lat' dir='ltr'>pietatem</span> 
     </span>
     <span class='ocr_line' id='line_1_28' title="bbox 471 3156 2898 3226; baseline -0.002 -14"><span class='ocrx_word' id='word_1_233' title='bbox 471 3161 585 3226; x_wconf 84' lang='lat' dir='ltr'><em>(for</em></span> <span class='ocrx_word' id='word_1_234' title='bbox 620 3160 767 3226; x_wconf 88' lang='lat' dir='ltr'>imp.)</span> <span class='ocrx_word' id='word_1_235' title='bbox 806 3160 893 3210; x_wconf 90' lang='lat' dir='ltr'>Cr</span> <span class='ocrx_word' id='word_1_236' title='bbox 1179 3162 1239 3211; x_wconf 85' lang='lat'>18</span> <span class='ocrx_word' id='word_1_237' title='bbox 1271 3167 1562 3226; x_wconf 82' lang='lat' dir='ltr'>prouectam</span> <span class='ocrx_word' id='word_1_238' title='bbox 1590 3159 1634 3210; x_wconf 87' lang='lat' dir='ltr'>C</span> <span class='ocrx_word' id='word_1_239' title='bbox 1653 3157 1676 3184; x_wconf 73' lang='lat'>¹*</span> <span class='ocrx_word' id='word_1_240' title='bbox 1693 3159 1762 3208; x_wconf 98' lang='lat' dir='ltr'><em>H</em></span> <span class='ocrx_word' id='word_1_241' title='bbox 1989 3173 2048 3225; x_wconf 92' lang='lat'>19</span> <span class='ocrx_word' id='word_1_242' title='bbox 2082 3158 2514 3225; x_wconf 64' lang='lat' dir='ltr'>subsequenturss</span> <span class='ocrx_word' id='word_1_243' title='bbox 2530 3156 2641 3207; x_wconf 77' lang='lat' dir='ltr'>*H</span> <span class='ocrx_word' id='word_1_244' title='bbox 2654 3162 2664 3217; x_wconf 89' lang='grc' dir='ltr'>Ι</span> <span class='ocrx_word' id='word_1_245' title='bbox 2692 3165 2743 3209; x_wconf 87' lang='lat' dir='ltr'>et</span> <span class='ocrx_word' id='word_1_246' title='bbox 2763 3174 2842 3208; x_wconf 88' lang='lat' dir='ltr'>om</span> <span class='ocrx_word' id='word_1_247' title='bbox 2864 3173 2898 3208; x_wconf 81' lang='lat' dir='ltr'>r</span> 
     </span>
     <span class='ocr_line' id='line_1_29' title="bbox 474 3239 1256 3310; baseline 0 -19"><span class='ocrx_word' id='word_1_248' title='bbox 474 3256 538 3293; x_wconf 80' lang='lat'>20</span> <span class='ocrx_word' id='word_1_249' title='bbox 570 3258 748 3293; x_wconf 84' lang='lat' dir='ltr'>cancer</span> <span class='ocrx_word' id='word_1_250' title='bbox 773 3243 893 3292; x_wconf 87' lang='lat' dir='ltr'>CH</span> <span class='ocrx_word' id='word_1_251' title='bbox 895 3259 927 3292; x_wconf 90' lang='lat' dir='ltr'><em>r</em></span> <span class='ocrx_word' id='word_1_252' title='bbox 951 3239 960 3308; x_wconf 88' lang='grc' dir='ltr'>Ι</span> <span class='ocrx_word' id='word_1_253' title='bbox 990 3241 1165 3310; x_wconf 78' lang='lat' dir='ltr'>sex-piri</span> <span class='ocrx_word' id='word_1_254' title='bbox 1187 3243 1256 3292; x_wconf 98' lang='lat' dir='ltr'><em>H</em></span> 
     </span>
    </p>
   </div>
   <div class='ocr_carea' id='block_1_9' title="bbox 576 2752 1144 2804">
    <p class='ocr_par' dir='ltr' id='par_1_12' title="bbox 576 2752 1144 2804">
     <span class='ocr_line' id='line_1_30' title="bbox 576 2752 1144 2804; baseline -0.004 0"><span class='ocrx_word' id='word_1_255' title='bbox 576 2771 597 2804; x_wconf 88' lang='lat'>1</span> <span class='ocrx_word' id='word_1_256' title='bbox 656 2768 924 2803; x_wconf 88' lang='lat' dir='ltr'>commune</span> <span class='ocrx_word' id='word_1_257' title='bbox 973 2754 1017 2803; x_wconf 88' lang='lat' dir='ltr'><em>C</em></span> <span class='ocrx_word' id='word_1_258' title='bbox 1022 2752 1051 2779; x_wconf 78' lang='lat'>⁴*</span> <span class='ocrx_word' id='word_1_259' title='bbox 1073 2754 1144 2802; x_wconf 91' lang='lat' dir='ltr'><em>H</em></span> 
     </span>
    </p>
   </div>
   <div class='ocr_carea' id='block_1_10' title="bbox 472 3357 1637 4478">
    <p class='ocr_par' dir='ltr' id='par_1_13' title="bbox 472 3357 1637 3669">
     <span class='ocr_line' id='line_1_31' title="bbox 538 3357 1637 3424; baseline 0.002 -16"><span class='ocrx_word' id='word_1_260' title='bbox 538 3375 586 3424; x_wconf 86' lang='lat'>5.</span> <span class='ocrx_word' id='word_1_261' title='bbox 628 3359 847 3424; x_wconf 74' lang='lat' dir='ltr'>fistina}</span> <span class='ocrx_word' id='word_1_262' title='bbox 898 3357 1049 3409; x_wconf 65' lang='lat' dir='ltr'>latin</span> <span class='ocrx_word' id='word_1_263' title='bbox 1087 3360 1325 3421; x_wconf 80' lang='lat' dir='ltr'>versions,</span> <span class='ocrx_word' id='word_1_264' title='bbox 1378 3359 1637 3410; x_wconf 83' lang='lat' dir='ltr'>“sollicite</span> 
     </span>
     <span class='ocr_line' id='line_1_32' title="bbox 472 3441 1635 3513; baseline -0.002 -19"><span class='ocrx_word' id='word_1_265' title='bbox 472 3458 590 3494; x_wconf 86' lang='lat' dir='ltr'>cura</span> <span class='ocrx_word' id='word_1_266' title='bbox 608 3441 667 3504; x_wconf 86' lang='lat'>;’&#39;</span> <span class='ocrx_word' id='word_1_267' title='bbox 699 3441 765 3492; x_wconf 83' lang='lat' dir='ltr'>cf.</span> <span class='ocrx_word' id='word_1_268' title='bbox 794 3457 840 3491; x_wconf 88' lang='lat' dir='ltr'>c.</span> <span class='ocrx_word' id='word_1_269' title='bbox 864 3441 928 3491; x_wconf 84' lang='lat' dir='ltr'>iv.</span> <span class='ocrx_word' id='word_1_270' title='bbox 953 3456 1002 3507; x_wconf 93' lang='lat'>9.</span> <span class='ocrx_word' id='word_1_271' title='bbox 1074 3441 1273 3513; x_wconf 53' lang='lat' dir='ltr'>Christo</span> <span class='ocrx_word' id='word_1_272' title='bbox 1286 3459 1309 3500; x_wconf 85' lang='lat'>,-</span> <span class='ocrx_word' id='word_1_273' title='bbox 1342 3443 1493 3492; x_wconf 85' lang='lat' dir='ltr'>Latin</span> <span class='ocrx_word' id='word_1_274' title='bbox 1527 3459 1635 3493; x_wconf 84' lang='lat' dir='ltr'>ver-</span> 
     </span>
     <span class='ocr_line' id='line_1_33' title="bbox 472 3521 1636 3584; baseline -0.001 -12"><span class='ocrx_word' id='word_1_275' title='bbox 472 3522 625 3580; x_wconf 74' lang='lat' dir='ltr'>sionS,</span> <span class='ocrx_word' id='word_1_276' title='bbox 648 3522 775 3573; x_wconf 79' lang='lat' dir='ltr'>after</span> <span class='ocrx_word' id='word_1_277' title='bbox 810 3521 933 3582; x_wconf 70' lang='lat' dir='ltr'>Gk„</span> <span class='ocrx_word' id='word_1_278' title='bbox 968 3521 1182 3572; x_wconf 85' lang='lat' dir='ltr'>“Deo.”</span> <span class='ocrx_word' id='word_1_279' title='bbox 1250 3522 1405 3572; x_wconf 86' lang='lat' dir='ltr'>Dam.</span> <span class='ocrx_word' id='word_1_280' title='bbox 1439 3523 1531 3574; x_wconf 78' lang='lat' dir='ltr'>has</span> <span class='ocrx_word' id='word_1_281' title='bbox 1564 3522 1636 3584; x_wconf 74' lang='grc' dir='ltr'>τῷ</span> 
     </span>
     <span class='ocr_line' id='line_1_34' title="bbox 473 3604 687 3669; baseline -0.009 -15"><span class='ocrx_word' id='word_1_282' title='bbox 473 3604 687 3669; x_wconf 74' lang='grc' dir='ltr'>Χριστῷ.</span> 
     </span>
    </p>

    <p class='ocr_par' dir='ltr' id='par_1_14' title="bbox 472 3686 1636 3995">
     <span class='ocr_line' id='line_1_35' title="bbox 539 3686 1636 3754; baseline 0 -17"><span class='ocrx_word' id='word_1_283' title='bbox 539 3686 586 3737; x_wconf 91' lang='lat'>6.</span> <span class='ocrx_word' id='word_1_284' title='bbox 642 3688 891 3754; x_wconf 70' lang='lat' dir='ltr'>preffanas</span> <span class='ocrx_word' id='word_1_285' title='bbox 902 3703 950 3738; x_wconf 87' lang='lat' dir='ltr'>a.</span> <span class='ocrx_word' id='word_1_286' title='bbox 970 3703 1021 3737; x_wconf 83' lang='lat' dir='ltr'>u.</span> <span class='ocrx_word' id='word_1_287' title='bbox 1041 3687 1121 3749; x_wconf 86' lang='lat' dir='ltr'>n.]</span> <span class='ocrx_word' id='word_1_288' title='bbox 1187 3688 1259 3739; x_wconf 93' lang='lat' dir='ltr'>So</span> <span class='ocrx_word' id='word_1_289' title='bbox 1282 3686 1347 3737; x_wconf 94' lang='grc' dir='ltr'><strong>Ο.</strong></span> <span class='ocrx_word' id='word_1_290' title='bbox 1368 3687 1449 3744; x_wconf 82' lang='lat' dir='ltr'>L..</span> <span class='ocrx_word' id='word_1_291' title='bbox 1472 3703 1636 3752; x_wconf 89' lang='lat' dir='ltr'>repre-</span> 
     </span>
     <span class='ocr_line' id='line_1_36' title="bbox 473 3769 1630 3836; baseline -0.002 -14"><span class='ocrx_word' id='word_1_292' title='bbox 473 3772 671 3836; x_wconf 85' lang='lat' dir='ltr'>senting</span> <span class='ocrx_word' id='word_1_293' title='bbox 706 3770 1050 3832; x_wconf 65' lang='grc' dir='ltr'>καινοφωνίαςς</span> <span class='ocrx_word' id='word_1_294' title='bbox 1087 3769 1259 3835; x_wconf 68' lang='lat' dir='ltr'>Vulg„</span> <span class='ocrx_word' id='word_1_295' title='bbox 1298 3769 1549 3835; x_wconf 85' lang='lat' dir='ltr'>“profana</span> <span class='ocrx_word' id='word_1_296' title='bbox 1583 3785 1630 3820; x_wconf 82' lang='lat' dir='ltr'>a.</span> 
     </span>
     <span class='ocr_line' id='line_1_37' title="bbox 472 3849 1630 3917; baseline -0.002 -15"><span class='ocrx_word' id='word_1_297' title='bbox 472 3849 823 3917; x_wconf 83' lang='lat' dir='ltr'>inaniloquia”</span> <span class='ocrx_word' id='word_1_298' title='bbox 874 3850 1101 3915; x_wconf 81' lang='grc' dir='ltr'><strong>(κενοφ.).</strong></span> <span class='ocrx_word' id='word_1_299' title='bbox 1178 3849 1259 3900; x_wconf 86' lang='lat' dir='ltr'>Cf.</span> <span class='ocrx_word' id='word_1_300' title='bbox 1306 3861 1369 3900; x_wconf 89' lang='lat'>11.</span> <span class='ocrx_word' id='word_1_301' title='bbox 1415 3866 1466 3915; x_wconf 91' lang='lat' dir='ltr'>p.</span> <span class='ocrx_word' id='word_1_302' title='bbox 1523 3852 1630 3914; x_wconf 82' lang='lat'>187,</span> 
     </span>
     <span class='ocr_line' id='line_1_38' title="bbox 474 3934 779 3995; baseline 0 -11"><span class='ocrx_word' id='word_1_303' title='bbox 474 3934 511 3984; x_wconf 93' lang='lat'>1.</span> <span class='ocrx_word' id='word_1_304' title='bbox 542 3934 616 3995; x_wconf 82' lang='lat'>18,</span> <span class='ocrx_word' id='word_1_305' title='bbox 644 3939 779 3984; x_wconf 86' lang='lat' dir='ltr'>note.</span> 
     </span>
    </p>

    <p class='ocr_par' dir='ltr' id='par_1_15' title="bbox 472 4012 1636 4478">
     <span class='ocr_line' id='line_1_39' title="bbox 539 4012 1634 4082; baseline -0.001 -19"><span class='ocrx_word' id='word_1_306' title='bbox 539 4031 588 4082; x_wconf 93' lang='lat'>9.</span> <span class='ocrx_word' id='word_1_307' title='bbox 666 4021 791 4066; x_wconf 85' lang='lat' dir='ltr'>recto</span> <span class='ocrx_word' id='word_1_308' title='bbox 832 4016 963 4064; x_wconf 80' lang='lat' dir='ltr'>edoce</span> <span class='ocrx_word' id='word_1_309' title='bbox 993 4012 1238 4075; x_wconf 79' lang='lat' dir='ltr'>instituto]</span> <span class='ocrx_word' id='word_1_310' title='bbox 1300 4013 1343 4063; x_wconf 95' lang='lat'>1.</span> <span class='ocrx_word' id='word_1_311' title='bbox 1358 4029 1403 4063; x_wconf 90' lang='lat' dir='ltr'>e.</span> <span class='ocrx_word' id='word_1_312' title='bbox 1444 4013 1634 4076; x_wconf 80' lang='grc' dir='ltr'>ὀρθοτο-</span> 
     </span>
     <span class='ocr_line' id='line_1_40' title="bbox 472 4093 1636 4160; baseline -0.002 -15"><span class='ocrx_word' id='word_1_313' title='bbox 472 4094 744 4157; x_wconf 67' lang='grc' dir='ltr'>μεΐνι-μετ’</span> <span class='ocrx_word' id='word_1_314' title='bbox 766 4097 907 4160; x_wconf 76' lang='grc' dir='ltr'>ὀρθῆς</span> <span class='ocrx_word' id='word_1_315' title='bbox 928 4097 1013 4156; x_wconf 78' lang='grc' dir='ltr'>τῆς</span> <span class='ocrx_word' id='word_1_316' title='bbox 1031 4096 1353 4158; x_wconf 68' lang='grc' dir='ltr'>προαιρέσεως</span> <span class='ocrx_word' id='word_1_317' title='bbox 1374 4093 1636 4152; x_wconf 76' lang='grc' dir='ltr'><strong><em>διδάσκειν,</em></strong></span> 
     </span>
     <span class='ocr_line' id='line_1_41' title="bbox 472 4175 1636 4240; baseline -0.003 -12"><span class='ocrx_word' id='word_1_318' title='bbox 472 4195 531 4228; x_wconf 89' lang='lat' dir='ltr'>or</span> <span class='ocrx_word' id='word_1_319' title='bbox 552 4178 638 4228; x_wconf 85' lang='lat' dir='ltr'>the</span> <span class='ocrx_word' id='word_1_320' title='bbox 659 4176 780 4227; x_wconf 88' lang='lat' dir='ltr'>like.</span> <span class='ocrx_word' id='word_1_321' title='bbox 850 4177 921 4226; x_wconf 93' lang='lat' dir='ltr'>So</span> <span class='ocrx_word' id='word_1_322' title='bbox 949 4176 1145 4240; x_wconf 86' lang='lat' dir='ltr'>Pelag.=</span> <span class='ocrx_word' id='word_1_323' title='bbox 1180 4175 1313 4225; x_wconf 86' lang='lat' dir='ltr'>“ille</span> <span class='ocrx_word' id='word_1_324' title='bbox 1342 4183 1475 4225; x_wconf 89' lang='lat' dir='ltr'>recte</span> <span class='ocrx_word' id='word_1_325' title='bbox 1506 4183 1636 4224; x_wconf 88' lang='lat' dir='ltr'>trac·</span> 
     </span>
     <span class='ocr_line' id='line_1_42' title="bbox 474 4255 1634 4323; baseline -0.004 -12"><span class='ocrx_word' id='word_1_326' title='bbox 474 4270 563 4318; x_wconf 84' lang='lat' dir='ltr'>tat,</span> <span class='ocrx_word' id='word_1_327' title='bbox 599 4257 684 4323; x_wconf 87' lang='lat' dir='ltr'>qui</span> <span class='ocrx_word' id='word_1_328' title='bbox 730 4258 972 4322; x_wconf 87' lang='lat' dir='ltr'>exemplis</span> <span class='ocrx_word' id='word_1_329' title='bbox 1012 4273 1100 4306; x_wconf 89' lang='lat' dir='ltr'>sua</span> <span class='ocrx_word' id='word_1_330' title='bbox 1140 4257 1277 4306; x_wconf 87' lang='lat' dir='ltr'>dicta</span> <span class='ocrx_word' id='word_1_331' title='bbox 1314 4255 1634 4307; x_wconf 80' lang='lat' dir='ltr'>confirmat.”</span> 
     </span>
     <span class='ocr_line' id='line_1_43' title="bbox 473 4332 1632 4404; baseline -0.003 -12"><span class='ocrx_word' id='word_1_332' title='bbox 473 4341 585 4392; x_wconf 89' lang='lat' dir='ltr'>The</span> <span class='ocrx_word' id='word_1_333' title='bbox 607 4338 952 4404; x_wconf 84' lang='lat' dir='ltr'>explanations</span> <span class='ocrx_word' id='word_1_334' title='bbox 978 4338 1037 4387; x_wconf 88' lang='lat' dir='ltr'>os</span> <span class='ocrx_word' id='word_1_335' title='bbox 1062 4338 1147 4388; x_wconf 81' lang='lat' dir='ltr'>the</span> <span class='ocrx_word' id='word_1_336' title='bbox 1179 4332 1324 4389; x_wconf 68' lang='lat' dir='ltr'>other</span> <span class='ocrx_word' id='word_1_337' title='bbox 1355 4338 1457 4388; x_wconf 84' lang='lat' dir='ltr'>Gk.</span> <span class='ocrx_word' id='word_1_338' title='bbox 1496 4353 1632 4388; x_wconf 85' lang='lat' dir='ltr'>com·</span> 
     </span>
     <span class='ocr_line' id='line_1_44' title="bbox 474 4419 1439 4478; baseline -0.003 -5"><span class='ocrx_word' id='word_1_339' title='bbox 474 4426 745 4473; x_wconf 84' lang='lat' dir='ltr'>mentators</span> <span class='ocrx_word' id='word_1_340' title='bbox 806 4435 890 4470; x_wconf 80' lang='lat' dir='ltr'>are</span> <span class='ocrx_word' id='word_1_341' title='bbox 954 4435 1093 4469; x_wconf 83' lang='lat' dir='ltr'>more</span> <span class='ocrx_word' id='word_1_342' title='bbox 1156 4419 1439 4478; x_wconf 85' lang='lat' dir='ltr'>elaborate;</span> 
     </span>
    </p>
   </div>
   <div class='ocr_carea' id='block_1_11' title="bbox 1520 4422 1677 4471">
    <p class='ocr_par' dir='ltr' id='par_1_16' title="bbox 1520 4422 1677 4471">
     <span class='ocr_line' id='line_1_45' title="bbox 1520 4422 1677 4471; baseline 0.013 -1"><span class='ocrx_word' id='word_1_343' title='bbox 1520 4422 1636 4471; x_wconf 86' lang='lat' dir='ltr'>thus</span> <span class='ocrx_word' id='word_1_344' title='bbox 1671 4451 1677 4456; x_wconf 94' lang='lat'><em>-</em></span> 
     </span>
    </p>
   </div>
   <div class='ocr_carea' id='block_1_12' title="bbox 1727 3357 2902 4479">
    <p class='ocr_par' dir='ltr' id='par_1_17' title="bbox 1735 3357 2902 3827">
     <span class='ocr_line' id='line_1_46' title="bbox 1739 3357 2898 3422; baseline 0.003 -14"><span class='ocrx_word' id='word_1_345' title='bbox 1739 3357 1942 3422; x_wconf 54' lang='lat' dir='ltr'>Chrysa</span> <span class='ocrx_word' id='word_1_346' title='bbox 1972 3359 2241 3419; x_wconf 73' lang='grc' dir='ltr'>τουτέστιν,</span> <span class='ocrx_word' id='word_1_347' title='bbox 2269 3360 2411 3418; x_wconf 76' lang='grc' dir='ltr'>τέμνε</span> <span class='ocrx_word' id='word_1_348' title='bbox 2434 3359 2498 3408; x_wconf 80' lang='grc' dir='ltr'>τὰ</span> <span class='ocrx_word' id='word_1_349' title='bbox 2519 3357 2658 3408; x_wconf 78' lang='grc' dir='ltr'><strong>νόθα.</strong></span> <span class='ocrx_word' id='word_1_350' title='bbox 2704 3360 2857 3411; x_wconf 89' lang='lat' dir='ltr'>Thdt.</span> <span class='ocrx_word' id='word_1_351' title='bbox 2879 3378 2898 3410; x_wconf 71' lang='lat' dir='ltr'>r</span> 
     </span>
     <span class='ocr_line' id='line_1_47' title="bbox 1737 3437 2900 3505; baseline 0.003 -15"><span class='ocrx_word' id='word_1_352' title='bbox 1737 3440 2021 3502; x_wconf 69' lang='grc' dir='ltr'>ἐπαινοῦμεν</span> <span class='ocrx_word' id='word_1_353' title='bbox 2061 3443 2157 3490; x_wconf 76' lang='grc' dir='ltr'>τῶν</span> <span class='ocrx_word' id='word_1_354' title='bbox 2186 3437 2418 3505; x_wconf 70' lang='grc' dir='ltr'>’γεωργῶν</span> <span class='ocrx_word' id='word_1_355' title='bbox 2448 3443 2556 3492; x_wconf 75' lang='grc' dir='ltr'>τοὺς</span> <span class='ocrx_word' id='word_1_356' title='bbox 2593 3440 2774 3493; x_wconf 74' lang='grc' dir='ltr'>εὐθείας</span> <span class='ocrx_word' id='word_1_357' title='bbox 2811 3445 2900 3494; x_wconf 70' lang='grc' dir='ltr'>τὰς</span> 
     </span>
     <span class='ocr_line' id='line_1_48' title="bbox 1737 3521 2898 3582; baseline 0.002 -10"><span class='ocrx_word' id='word_1_358' title='bbox 1737 3525 1952 3574; x_wconf 75' lang='grc' dir='ltr'><strong>αὔλακας</strong></span> <span class='ocrx_word' id='word_1_359' title='bbox 1977 3523 2338 3582; x_wconf 55' lang='lat' dir='ltr'>&amp;varens-evres-</span> <span class='ocrx_word' id='word_1_360' title='bbox 2404 3521 2555 3574; x_wconf 76' lang='grc' dir='ltr'>οὕτως</span> <span class='ocrx_word' id='word_1_361' title='bbox 2575 3525 2656 3573; x_wconf 73' lang='grc' dir='ltr'>καὶ</span> <span class='ocrx_word' id='word_1_362' title='bbox 2679 3522 2898 3574; x_wconf 64' lang='grc' dir='ltr'>διδάσκω</span> 
     </span>
     <span class='ocr_line' id='line_1_49' title="bbox 1737 3603 2898 3668; baseline 0 -12"><span class='ocrx_word' id='word_1_363' title='bbox 1737 3607 1821 3656; x_wconf 75' lang='grc' dir='ltr'>λος</span> <span class='ocrx_word' id='word_1_364' title='bbox 1854 3607 2122 3666; x_wconf 50' lang='lat' dir='ltr'>dilen-awos</span> <span class='ocrx_word' id='word_1_365' title='bbox 2155 3606 2182 3656; x_wconf 87' lang='grc' dir='ltr'><strong>ὀ</strong></span> <span class='ocrx_word' id='word_1_366' title='bbox 2219 3603 2290 3668; x_wconf 74' lang='grc' dir='ltr'>τῷ</span> <span class='ocrx_word' id='word_1_367' title='bbox 2323 3604 2484 3656; x_wconf 71' lang='grc' dir='ltr'>κανόνι</span> <span class='ocrx_word' id='word_1_368' title='bbox 2516 3607 2612 3656; x_wconf 78' lang='grc' dir='ltr'>τῶν</span> <span class='ocrx_word' id='word_1_369' title='bbox 2645 3608 2786 3656; x_wconf 74' lang='grc' dir='ltr'><strong><em>θείων</em></strong></span> <span class='ocrx_word' id='word_1_370' title='bbox 2815 3610 2898 3656; x_wconf 74' lang='grc' dir='ltr'>λο-</span> 
     </span>
     <span class='ocr_line' id='line_1_50' title="bbox 1737 3683 2902 3751; baseline 0.003 -17"><span class='ocrx_word' id='word_1_371' title='bbox 1737 3687 1860 3748; x_wconf 74' lang='grc' dir='ltr'>γίων</span> <span class='ocrx_word' id='word_1_372' title='bbox 1894 3683 2142 3746; x_wconf 74' lang='grc' dir='ltr'><strong>ἑπόμενος.</strong></span> <span class='ocrx_word' id='word_1_373' title='bbox 2211 3686 2291 3737; x_wconf 89' lang='lat' dir='ltr'>Cf.</span> <span class='ocrx_word' id='word_1_374' title='bbox 2328 3687 2517 3747; x_wconf 85' lang='lat' dir='ltr'>Suicer,</span> <span class='ocrx_word' id='word_1_375' title='bbox 2552 3704 2592 3739; x_wconf 86' lang='lat' dir='ltr'>s.</span> <span class='ocrx_word' id='word_1_376' title='bbox 2609 3703 2658 3738; x_wconf 83' lang='lat' dir='ltr'>v.</span> <span class='ocrx_word' id='word_1_377' title='bbox 2710 3689 2902 3751; x_wconf 75' lang='grc' dir='ltr'>ὀρθοτο·</span> 
     </span>
     <span class='ocr_line' id='line_1_51' title="bbox 1735 3769 1854 3827; baseline 0.008 -11"><span class='ocrx_word' id='word_1_378' title='bbox 1735 3769 1854 3827; x_wconf 86' lang='grc' dir='ltr'><strong>μέω.</strong></span> 
     </span>
    </p>

    <p class='ocr_par' dir='ltr' id='par_1_18' title="bbox 1736 3851 2896 4159">
     <span class='ocr_line' id='line_1_52' title="bbox 1811 3851 2895 3918; baseline 0.002 -18"><span class='ocrx_word' id='word_1_379' title='bbox 1811 3867 1884 3917; x_wconf 82' lang='lat'>13.</span> <span class='ocrx_word' id='word_1_380' title='bbox 1944 3870 2010 3903; x_wconf 89' lang='lat' dir='ltr'>m.</span> <span class='ocrx_word' id='word_1_381' title='bbox 2045 3860 2206 3903; x_wconf 81' lang='lat' dir='ltr'>autem</span> <span class='ocrx_word' id='word_1_382' title='bbox 2229 3851 2534 3918; x_wconf 67' lang='lat' dir='ltr'>proficiunt]</span> <span class='ocrx_word' id='word_1_383' title='bbox 2597 3852 2712 3902; x_wconf 76' lang='lat' dir='ltr'>The</span> <span class='ocrx_word' id='word_1_384' title='bbox 2745 3853 2895 3902; x_wconf 86' lang='lat' dir='ltr'>Latin</span> 
     </span>
     <span class='ocr_line' id='line_1_53' title="bbox 1736 3930 2896 3983; baseline 0 -2"><span class='ocrx_word' id='word_1_385' title='bbox 1736 3933 1958 3982; x_wconf 85' lang='lat' dir='ltr'>versions</span> <span class='ocrx_word' id='word_1_386' title='bbox 1992 3932 2121 3983; x_wconf 82' lang='lat' dir='ltr'>have</span> <span class='ocrx_word' id='word_1_387' title='bbox 2160 3937 2191 3959; x_wconf 88' lang='lat'><strong>“</strong></span> <span class='ocrx_word' id='word_1_388' title='bbox 2208 3931 2342 3982; x_wconf 89' lang='lat' dir='ltr'>enim</span> <span class='ocrx_word' id='word_1_389' title='bbox 2357 3930 2386 3954; x_wconf 90' lang='lat'>&#39;’</span> <span class='ocrx_word' id='word_1_390' title='bbox 2423 3931 2502 3981; x_wconf 81' lang='lat' dir='ltr'>for</span> <span class='ocrx_word' id='word_1_391' title='bbox 2536 3939 2715 3983; x_wconf 82' lang='lat' dir='ltr'>autem.</span> <span class='ocrx_word' id='word_1_392' title='bbox 2781 3933 2896 3983; x_wconf 83' lang='lat' dir='ltr'>Cla·</span> 
     </span>
     <span class='ocr_line' id='line_1_54' title="bbox 1737 4011 2893 4078; baseline -0.001 -17"><span class='ocrx_word' id='word_1_393' title='bbox 1737 4029 1880 4072; x_wconf 65' lang='lat' dir='ltr'>rom„</span> <span class='ocrx_word' id='word_1_394' title='bbox 1909 4013 2051 4073; x_wconf 67' lang='lat' dir='ltr'>Am„</span> <span class='ocrx_word' id='word_1_395' title='bbox 2079 4012 2168 4062; x_wconf 69' lang='grc' dir='ltr'><strong>διο.</strong></span> <span class='ocrx_word' id='word_1_396' title='bbox 2195 4011 2309 4076; x_wconf 87' lang='lat' dir='ltr'>give</span> <span class='ocrx_word' id='word_1_397' title='bbox 2333 4015 2364 4039; x_wconf 83' lang='lat'>⁸⁸</span> <span class='ocrx_word' id='word_1_398' title='bbox 2383 4011 2646 4076; x_wconf 85' lang='lat' dir='ltr'>proficient</span> <span class='ocrx_word' id='word_1_399' title='bbox 2663 4011 2720 4073; x_wconf 81' lang='lat'>;”</span> <span class='ocrx_word' id='word_1_400' title='bbox 2744 4012 2893 4078; x_wconf 76' lang='lat' dir='ltr'>prqfi-</span> 
     </span>
     <span class='ocr_line' id='line_1_55' title="bbox 1736 4092 2765 4159; baseline -0.001 -16"><span class='ocrx_word' id='word_1_401' title='bbox 1736 4093 1879 4143; x_wconf 80' lang='lat' dir='ltr'>ciunt</span> <span class='ocrx_word' id='word_1_402' title='bbox 1895 4094 1939 4144; x_wconf 91' lang='lat' dir='ltr'>is</span> <span class='ocrx_word' id='word_1_403' title='bbox 1961 4093 2116 4144; x_wconf 78' lang='lat' dir='ltr'>found</span> <span class='ocrx_word' id='word_1_404' title='bbox 2139 4093 2192 4142; x_wconf 92' lang='lat' dir='ltr'>in</span> <span class='ocrx_word' id='word_1_405' title='bbox 2215 4095 2471 4153; x_wconf 67' lang='lat' dir='ltr'>Beer-ner„</span> <span class='ocrx_word' id='word_1_406' title='bbox 2494 4092 2765 4159; x_wconf 72' lang='lat' dir='ltr'>Vulg.e¹m</span> 
     </span>
    </p>

    <p class='ocr_par' dir='ltr' id='par_1_19' title="bbox 1727 4174 2900 4479">
     <span class='ocr_line' id='line_1_56' title="bbox 1805 4174 2898 4237; baseline 0.004 -13"><span class='ocrx_word' id='word_1_407' title='bbox 1805 4189 1883 4228; x_wconf 78' lang='lat'>20.</span> <span class='ocrx_word' id='word_1_408' title='bbox 1955 4174 2199 4237; x_wconf 81' lang='lat' dir='ltr'>canceris]</span> <span class='ocrx_word' id='word_1_409' title='bbox 2247 4175 2343 4226; x_wconf 86' lang='lat' dir='ltr'>See</span> <span class='ocrx_word' id='word_1_410' title='bbox 2371 4176 2500 4227; x_wconf 85' lang='lat' dir='ltr'>lexx.</span> <span class='ocrx_word' id='word_1_411' title='bbox 2523 4193 2562 4227; x_wconf 87' lang='lat' dir='ltr'>s.</span> <span class='ocrx_word' id='word_1_412' title='bbox 2582 4193 2630 4227; x_wconf 88' lang='lat' dir='ltr'>v.</span> <span class='ocrx_word' id='word_1_413' title='bbox 2704 4177 2807 4226; x_wconf 93' lang='lat' dir='ltr'>For</span> <span class='ocrx_word' id='word_1_414' title='bbox 2840 4178 2898 4228; x_wconf 74' lang='lat' dir='ltr'>in</span> 
     </span>
     <span class='ocr_line' id='line_1_57' title="bbox 1727 4257 2900 4324; baseline 0.003 -16"><span class='ocrx_word' id='word_1_415' title='bbox 1727 4273 1924 4323; x_wconf 71' lang='lat' dir='ltr'>gregem</span> <span class='ocrx_word' id='word_1_416' title='bbox 1961 4258 2054 4309; x_wconf 84' lang='lat' dir='ltr'>for.</span> <span class='ocrx_word' id='word_1_417' title='bbox 2090 4260 2186 4324; x_wconf 87' lang='lat' dir='ltr'>leg.</span> <span class='ocrx_word' id='word_1_418' title='bbox 2221 4257 2294 4308; x_wconf 65' lang='grc' dir='ltr'>ἐπ’</span> <span class='ocrx_word' id='word_1_419' title='bbox 2306 4275 2654 4324; x_wconf 78' lang='lat' dir='ltr'>gangmenam</span> <span class='ocrx_word' id='word_1_420' title='bbox 2669 4277 2689 4316; x_wconf 89' lang='lat'><em>;</em></span> <span class='ocrx_word' id='word_1_421' title='bbox 2729 4260 2900 4312; x_wconf 85' lang='lat' dir='ltr'>unless</span> 
     </span>
     <span class='ocr_line' id='line_1_58' title="bbox 1739 4341 2898 4405; baseline 0.002 -15"><span class='ocrx_word' id='word_1_422' title='bbox 1739 4342 1796 4390; x_wconf 80' lang='lat' dir='ltr'>in</span> <span class='ocrx_word' id='word_1_423' title='bbox 1834 4356 2030 4405; x_wconf 46' lang='lat' dir='ltr'>grffem</span> <span class='ocrx_word' id='word_1_424' title='bbox 2075 4341 2195 4390; x_wconf 87' lang='lat' dir='ltr'>here</span> <span class='ocrx_word' id='word_1_425' title='bbox 2228 4341 2376 4391; x_wconf 85' lang='lat' dir='ltr'>bears</span> <span class='ocrx_word' id='word_1_426' title='bbox 2411 4342 2496 4392; x_wconf 86' lang='lat' dir='ltr'>the</span> <span class='ocrx_word' id='word_1_427' title='bbox 2529 4357 2670 4392; x_wconf 86' lang='lat' dir='ltr'>sense</span> <span class='ocrx_word' id='word_1_428' title='bbox 2703 4342 2761 4391; x_wconf 82' lang='lat' dir='ltr'>os</span> <span class='ocrx_word' id='word_1_429' title='bbox 2796 4344 2898 4393; x_wconf 86' lang='lat' dir='ltr'>“in</span> 
     </span>
     <span class='ocr_line' id='line_1_59' title="bbox 1737 4419 2898 4479; baseline 0.003 -9"><span class='ocrx_word' id='word_1_430' title='bbox 1737 4419 1944 4479; x_wconf 73' lang='lat' dir='ltr'>maiuS,”</span> <span class='ocrx_word' id='word_1_431' title='bbox 1997 4421 2095 4470; x_wconf 89' lang='lat' dir='ltr'>“in</span> <span class='ocrx_word' id='word_1_432' title='bbox 2137 4420 2406 4472; x_wconf 79' lang='lat' dir='ltr'>deteriuS.”</span> <span class='ocrx_word' id='word_1_433' title='bbox 2471 4421 2552 4471; x_wconf 81' lang='lat' dir='ltr'>Cf.</span> <span class='ocrx_word' id='word_1_434' title='bbox 2591 4421 2768 4472; x_wconf 86' lang='lat' dir='ltr'>Thdt.:</span> <span class='ocrx_word' id='word_1_435' title='bbox 2803 4422 2898 4474; x_wconf 77' lang='grc' dir='ltr'>πά-</span> 
     </span>
    </p>
   </div>
  </div>
 </body>
</html>
