3250 5025
275 357 366 422 ΙΙ.
403 372 460 439 7,
493 360 586 445 8.]

871 376 954 428 IN
1003 378 1106 429 ΕΡ.
1152 378 1253 429 AD
1299 380 2048 435 THESSALONICENSES
2097 387 2145 435 1.
2616 388 2685 435 11

275 546 446 622 tiae,·
501 549 716 631 magis
757 550 936 615 enim
979 562 1122 616 erat
1163 562 1236 617 ut
1277 563 1347 618 et
1384 552 1711 619 habentes
1748 563 2153 638 potestatem
2185 558 2374 640 quasi
2408 558 2695 641 apostoli

275 652 390 717 illa
449 674 622 738 quae
681 654 770 717 ad
829 676 988 718 usus
1049 676 1318 721 necesse
1369 656 1711 722 habebant
1771 660 1897 724 sibi
1947 660 2343 744 acciperent,
2394 682 2517 727 nec
2569 661 2697 725 hoc

275 753 642 819 uoluissent
687 754 1044 839 accipere?

401 906 711 988 sedfacti
732 928 962 971 sumus
988 905 1194 990 quieti
1221 906 1292 971 in
1324 908 1529 973 medio
1560 922 1787 976 uestro,

405 1030 533 1097 hoc
581 1043 699 1110 est,
743 1036 959 1100 ‘omni
1007 1040 1470 1103 mediocritate
1514 1048 1584 1103 et
1642 1037 2017 1103 humilitate
2061 1058 2291 1103 sumus
2330 1040 2537 1118 abusi,
2582 1061 2697 1104 no·
2770 1060 2805 1127 5

277 1131 488 1197 lentes
532 1154 772 1217 graues
816 1138 1148 1221 aliquibus
1195 1140 1436 1204 uideri.’

405 1284 604 1349 sicuti
644 1286 714 1350 si
761 1290 990 1353 nutrix
1028 1293 1266 1374 foueat
1306 1312 1456 1355 suos
1495 1291 1699 1376 filios,
1750 1290 1847 1356 sic
1893 1292 2326 1357 desiderantes
2376 1310 2490 1354 uos
2537 1309 2698 1353 com·

259 1390 594 1471 placemus
650 1394 1052 1477 particzpare
1111 1395 1291 1459 uobis
1349 1416 1473 1459 non
1530 1396 1740 1459 solum
1796 1396 2203 1479 euangelium
2266 1394 2531 1471 Christi,
2589 1392 2709 1456 sed

279 1504 536 1557 nostras
565 1494 848 1577 zpsorum
877 1498 1152 1574 animas,
1186 1499 1489 1581 quoniam
1519 1499 1851 1563 cartis-simi
1878 1499 2059 1564 nobis
2071 1498 2257 1582 sacti
2278 1497 2447 1563 estis.

411 1622 555 1687 uult
584 1624 892 1706 equidem
925 1625 1143 1690 dicere
1172 1627 1489 1709 quoniam
1519 1632 1536 1659 ‘
1555 1636 1818 1692 tantum
1843 1626 2043 1712 longe
2073 1646 2301 1691 sumus
2332 1637 2407 1692 ut
2437 1626 2701 1709 pondus
2736 1640 2816 1687 10

278 1728 786 1791 tribulationum
835 1730 1124 1811 grauiter
1164 1729 1468 1807 feramus,
1502 1731 1597 1794 ita
1643 1741 1718 1795 ut
1764 1730 1833 1795 in
1880 1732 2009 1795 illis
2058 1732 2252 1795 malis
2290 1751 2444 1795 cum
2487 1731 2701 1795 multo

279 1829 608 1893 desiderio
634 1851 754 1894 uos
779 1832 1016 1896 docere
1041 1832 1505 1895 festinaremus
1529 1852 1545 1911 ;
1579 1832 1865 1897 libenter
1886 1853 2009 1915 pro
2034 1834 2226 1898 uobis
2250 1842 2703 1916 supponentes

281 1930 482 1993 etiam
516 1932 776 1996 animas
806 1944 1086 2014 nostras»,
1121 1956 1200 1999 eo
1231 1935 1412 2018 quod
1445 1934 1703 1999 fortiter
1733 1956 1853 1999 uos
1890 1933 2331 2018 diligebamus
2362 1945 2431 2000 et
2460 1935 2700 1999 affectu

282 2038 541 2120 integro
587 2058 747 2119 erga
799 2058 920 2101 uos
971 2038 1397 2103 tenebamur.'
1505 2038 1946 2103 demiratione
1999 2058 2157 2102 uero
2205 2040 2484 2121 dignum
2538 2038 2699 2102 illud

281 2138 462 2220 quod
517 2138 787 2204 uolebat
839 2141 1302 2222 comprobauit
1354 2139 1597 2223 prolati
1651 2140 1947 2223 exempli
2000 2139 2361 2224 qualitate3
2425 2158 2581 2202 nam
2636 2148 2704 2202 et
2739 2154 2809 2221 15

283 2242 608 2305 matribus
668 2244 1082 2307 consuetudo
1143 2252 1246 2307 est
1305 2253 1378 2306 ut
1439 2242 1574 2306 suis
1636 2242 1786 2305 filiis
1844 2262 2037 2306 suum
2099 2243 2203 2306 lac
2261 2263 2413 2307 cum
2492 2244 2705 2309 multa

283 2342 621 2410 celeritate
671 2347 1051 2429 praebeant,
1099 2349 1569 2411 existimantes
1620 2368 1694 2411 se
1741 2348 2074 2425 adiuuare,
2126 2368 2276 2412 cum
2331 2348 2500 2413 filios
2548 2370 2705 2414 suos

283 2450 531 2515 lactare
588 2452 942 2535 potuerint.

1049 2451 1433 2516 ‘nutricem’
1489 2472 1647 2516 uero
1705 2448 1833 2516 hoc
1882 2451 1948 2516 in
2003 2450 2152 2516 loco
2197 2461 2477 2517 matrem
2527 2454 2706 2522 dixit

285 2649 410 2737 γὰρ
455 2647 533 2730 ἦν
569 2647 644 2715 τὸ
682 2649 790 2716 καὶ
820 2649 1094 2742 ἔχοντας
1126 2651 1425 2736 ἐξουσίαν
1455 2650 1536 2724 ὥς
1567 2650 1993 2724 ἀποστόλους
2023 2650 2109 2717 τὰ
2133 2650 2301 2739 πρὸς
2332 2650 2451 2735 τὴν
2478 2650 2708 2742 χρείαν

285 2751 665 2836 λαμβάνειν,
696 2753 862 2837 μηδὲ
892 2759 1084 2822 τοῦτο
1116 2755 1396 2822 ἑλέσθαι.

384 2949 417 2994 4
449 2930 602 2980 uestri
629 2931 674 2980 C
694 2929 839 2995 (corr)
861 2931 932 2980 H
998 2937 1216 2980 uestrum
1241 2947 1272 2980 r

287 3027 364 3060 om
387 3013 455 3062 H
652 3028 711 3073 14
745 3011 898 3078 digna
919 3028 952 3061 r

289 3165 525 3230 standing
546 3166 632 3216 the
653 3166 867 3231 Apostle
896 3173 950 3217 to
981 3166 1108 3216 refer
1139 3165 1192 3216 in
1226 3167 1310 3217 the
1337 3183 1450 3234 pre·

291 3255 400 3298 sent
421 3250 587 3299 words
608 3256 662 3298 to
686 3249 771 3299 the
791 3250 987 3299 burden
1008 3249 1068 3300 of
1089 3250 1168 3300 his
1201 3251 1448 3315 temporal

293 3337 516 3394 support.
567 3330 801 3394 Pelagius
815 3331 958 3380 takes
979 3331 1067 3380 the
1087 3347 1226 3381 same
1247 3332 1376 3380 view
1398 3331 1456 3380 of

293 3409 555 3474 δυνάμενοι,
577 3415 754 3461 κ.τ.λ.ε
791 3413 886 3462 “id
908 3420 997 3472 est,
1021 3420 1077 3463 ut
1100 3414 1164 3462 de
1187 3414 1450 3478 euangelio

291 3492 626 3544 uiueremus.”
689 3494 776 3544 On
809 3494 894 3544 the
926 3494 1070 3544 other
1101 3495 1241 3544 hand
1265 3495 1446 3558 Chrys.

296 3589 454 3625 seems
489 3582 544 3625 to
577 3575 754 3640 regard
775 3575 828 3624 ἐν
849 3575 990 3638 βάρει
1022 3577 1196 3625 νεεέν
1219 3576 1330 3638 δόξῃ
1362 3575 1445 3637 (cf.

299 3673 326 3707 α
347 3657 467 3708 Cor.
481 3657 548 3706 iv.
574 3657 672 3720 17),
697 3655 798 3706 and
821 3657 908 3706 the
929 3656 1056 3706 later
1078 3657 1181 3706 Gk.
1199 3671 1453 3707 commen-

295 3745 450 3790 tators
470 3754 638 3788 waver
656 3739 884 3788 between
907 3739 1048 3788 these
1082 3747 1184 3788 two
1212 3739 1454 3804 interpre-

295 3823 508 3884 tations3
541 3838 642 3887 e.g.
673 3822 830 3873 Oce-2
863 3819 896 3882 ἦ
924 3823 978 3871 ἐν
1002 3819 1125 3885 τιμῇ
1145 3824 1223 3872 καὶ
1247 3824 1388 3884 δόξῃ·
1423 3819 1459 3882 ἥ

299 3904 350 3951 ἐν
367 3899 520 3966 βάρει,
546 3903 814 3964 τουτέστιν,
841 3899 1109 3966 λαμβάνειν
1143 3904 1223 3952 καὶ
1251 3904 1456 3966 τρέφεσ·

299 3985 396 4033 θαι.

367 4080 412 4116 2.
462 4065 752 4130 acciperent]
793 4065 972 4130 Jacobi
997 4073 1213 4116 corrects
1234 4065 1458 4131 accipere,

301 4149 400 4199 and
423 4148 521 4198 this
542 4149 748 4198 accords
769 4148 890 4197 with
916 4149 1001 4198 the
1025 4147 1160 4208 Gk.;
1194 4149 1284 4198 but
1310 4149 1464 4212 quasi

302 4233 639 4296 ...acciperent
673 4247 790 4295 may
825 4231 956 4281 have
999 4232 1128 4281 been
1159 4230 1359 4282 written
1391 4232 1461 4295 by

301 4329 391 4363 oar
434 4313 702 4364 translator
745 4319 798 4362 to
844 4319 1098 4377 represent
1143 4310 1460 4375 ὥς...λαμβά-

301 4412 416 4444 new.
487 4394 710 4460 Perhaps
733 4409 764 4442 a
786 4393 970 4444 second
993 4400 1054 4443 ut
1075 4393 1168 4445 has
1191 4394 1344 4444 fallen
1373 4400 1461 4444 out

301 4475 472 4526 before
493 4476 656 4541 quasi.

1418 2944 1446 2994 5
1482 2930 1556 2981 usi
1579 2947 1612 2980 r

1164 3027 1220 3077 15
1257 3012 1548 3077 qualitatem
1575 3011 1647 3063 C*
1671 3029 1704 3061 r

2735 2769 2823 2816 20

1776 2933 1807 2981 8
1840 2929 2129 2996 participari
2156 2930 2201 2981 C
2220 2929 2370 2991 (cor-r)

1902 3023 1958 3074 17
1992 3012 2216 3062 adiuvari
2245 3013 2289 3062 C
2308 3012 2458 3074 (corr)

2524 2945 2557 2998 9
2590 2930 2709 2980 sacti

1609 3187 1655 3230 4.
1727 3162 2121 3231 quieti]=v'7'moc‚
2166 3167 2251 3219 the
2293 3167 2503 3232 reading
2545 3167 2604 3220 of
2639 3169 2709 3220 all

1543 3245 1629 3296 the
1665 3245 1833 3296 Greek
1866 3254 2271 3303 commentator-s,
2305 3263 2412 3297 exc.
2438 3247 2630 3314 Thpht.
2658 3264 2702 3299 α.

1545 3327 1659 3377 The
1692 3327 1844 3377 Latin
1874 3328 2095 3378 versions
2141 3328 2318 3378 render
2342 3329 2575 3393 paruuli,
2616 3329 2709 3379 fol-

1545 3409 1733 3475 lowing
1767 3409 1853 3459 the
1884 3411 2078 3459 variant
2114 3408 2290 3469 νήπιοι,
2314 3409 2480 3460 which
2515 3411 2709 3476 Thpht.

1543 3491 1685 3555 gives
1708 3505 1763 3540 as
1785 3506 1851 3540 an
1873 3490 2183 3541 alternative.

1615 3585 1663 3635 7.
1750 3574 2097 3636 complacemus
2174 3573 2505 3638 participare]
2602 3574 2713 3624 Our

1546 3653 1829 3715 translator,
1851 3654 1973 3704 with
1993 3654 2080 3704 the
2103 3655 2233 3705 Cod.
2254 3656 2476 3705 Clarom.
2502 3653 2710 3721 (⁶‘cupi-

1547 3735 1735 3797 mus'’),
1754 3737 2058 3786 understood
2078 3738 2354 3796 εὐδοκοῦμεν
2372 3753 2428 3786 as
2446 3753 2477 3786 a
2494 3746 2709 3801 present,

1548 3819 1650 3868 and
1684 3834 1742 3867 so
1780 3817 1997 3883 perhaps
2030 3818 2130 3867 Th.
2165 3813 2372 3869 himself
2377 3837 2393 3880 3
2427 3818 2491 3868 cf.
2527 3820 2707 3870 Thdt.:

1551 3902 1827 3966 ὶμειρόμεθα
1871 3903 1950 3951 καὶ
1996 3903 2249 3961 ποθοῦμεν.
2324 3903 2540 3951 Nostras
2584 3903 2707 3968 apso·

1550 4001 1671 4035 rum
1684 4005 1726 4026 =
1738 3981 1821 4034 τὰς
1842 3983 2041 4033 ἑαυτῶν.

1621 4082 1699 4117 10.
1765 4072 1967 4116 tantum
1990 4067 2129 4131 longe
2146 4082 2318 4115 sumus
2348 4066 2548 4116 ut...ita
2568 4065 2702 4128 ut]=

1553 4152 1791 4197 “tantum
1813 4148 1954 4198 abest
1974 4146 2204 4198 ut...ut.”

1622 4244 1700 4280 ια.
1765 4235 2081 4295 supponentes
2099 4230 2253 4280 etiam
2274 4231 2478 4279 animas
2498 4231 2713 4292 nostras]

1552 4311 1809 4364 ὑποθέντες
1830 4315 1911 4361 καὶ
1932 4315 2018 4363 τὰς
2043 4313 2203 4376 ψυχὰς
2225 4313 2376 4372 ἡμῶν.
2446 4312 2526 4363 Cf.
2555 4313 2705 4364 Rom.

1551 4394 1654 4444 xvi.
1680 4412 1710 4456 4
1734 4393 2012 4458 (ὑπέθηκαν,
2041 4394 2193 4459 Vulg.
2220 4393 2615 4460 suppos-amnt).

1625 4476 1699 4524 18.
1774 4476 2020 4525 nutricem
2130 4482 2338 4524 matrem
2388 4475 2545 4536 affixit]
2611 4476 2651 4524 1.
2666 4491 2713 4524 e.
