<?xml version="1.0" encoding="UTF-8"?>
<!DOCTYPE html PUBLIC "-//W3C//DTD XHTML 1.0 Transitional//EN"
    "http://www.w3.org/TR/xhtml1/DTD/xhtml1-transitional.dtd">
<html xmlns="http://www.w3.org/1999/xhtml" xml:lang="en" lang="en">
 <head>
  <title>
</title>
<meta http-equiv="Content-Type" content="text/html;charset=utf-8" />
  <meta name='ocr-system' content='tesseract 3.04.00' />
  <meta name='ocr-capabilities' content='ocr_page ocr_carea ocr_par ocr_line ocrx_word'/>
</head>
<body>
  <div class='ocr_page' id='page_1' title='image "./theodoriepiscop01swetgoog_0292.png"; bbox 0 0 3250 5025; ppageno 0'>
   <div class='ocr_carea' id='block_1_1' title="bbox 375 2623 459 2670">
    <p class='ocr_par' dir='ltr' id='par_1_1' title="bbox 375 2623 459 2670">
     <span class='ocr_line' id='line_1_1' title="bbox 375 2623 459 2670; baseline 0.012 -1"><span class='ocrx_word' id='word_1_1' title='bbox 375 2623 459 2670; x_wconf 90' lang='lat'>20</span> 
     </span>
    </p>
   </div>
   <div class='ocr_carea' id='block_1_2' title="bbox 476 312 605 375">
    <p class='ocr_par' dir='ltr' id='par_1_2' title="bbox 476 312 605 375">
     <span class='ocr_line' id='line_1_2' title="bbox 476 312 605 375; baseline 0.016 -2"><span class='ocrx_word' id='word_1_2' title='bbox 476 312 605 375; x_wconf 89' lang='lat'>280</span> 
     </span>
    </p>
   </div>
   <div class='ocr_carea' id='block_1_3' title="bbox 1142 324 2234 381">
    <p class='ocr_par' dir='ltr' id='par_1_3' title="bbox 1142 324 2234 381">
     <span class='ocr_line' id='line_1_3' title="bbox 1142 324 2234 381; baseline 0.005 -6"><span class='ocrx_word' id='word_1_3' title='bbox 1142 324 1599 378; x_wconf 89' lang='lat' dir='ltr'>THEODORUS</span> <span class='ocrx_word' id='word_1_4' title='bbox 1649 326 2234 381; x_wconf 88' lang='lat' dir='ltr'>MOPSUESTENUS</span> 
     </span>
    </p>
   </div>
   <div class='ocr_carea' id='block_1_4' title="bbox 2595 312 2897 399">
    <p class='ocr_par' dir='ltr' id='par_1_4' title="bbox 2595 312 2897 399">
     <span class='ocr_line' id='line_1_4' title="bbox 2595 312 2897 399; baseline -0.013 -21"><span class='ocrx_word' id='word_1_5' title='bbox 2595 312 2897 399; x_wconf 86' lang='lat'>[14—16.</span> 
     </span>
    </p>
   </div>
   <div class='ocr_carea' id='block_1_5' title="bbox 381 497 2902 1512">
    <p class='ocr_par' dir='ltr' id='par_1_5' title="bbox 381 497 2902 1512">
     <span class='ocr_line' id='line_1_5' title="bbox 464 497 2898 586; baseline 0 -24"><span class='ocrx_word' id='word_1_6' title='bbox 464 499 644 581; x_wconf 76' lang='lat' dir='ltr'>gelli,</span> <span class='ocrx_word' id='word_1_7' title='bbox 706 497 829 583; x_wconf 91' lang='lat' dir='ltr'>[ut]</span> <span class='ocrx_word' id='word_1_8' title='bbox 886 508 1245 583; x_wconf 89' lang='lat' dir='ltr'>utrumque</span> <span class='ocrx_word' id='word_1_9' title='bbox 1291 501 1695 585; x_wconf 85' lang='lat' dir='ltr'>significaret</span> <span class='ocrx_word' id='word_1_10' title='bbox 1740 503 2059 586; x_wconf 87' lang='lat' dir='ltr'>quoniam</span> <span class='ocrx_word' id='word_1_11' title='bbox 2113 500 2348 567; x_wconf 87' lang='lat' dir='ltr'>uolens</span> <span class='ocrx_word' id='word_1_12' title='bbox 2394 502 2679 567; x_wconf 90' lang='lat' dir='ltr'>tenuerit</span> <span class='ocrx_word' id='word_1_13' title='bbox 2725 520 2898 577; x_wconf 90' lang='lat' dir='ltr'>eum,</span> 
     </span>
     <span class='ocr_line' id='line_1_6' title="bbox 477 603 2895 689; baseline -0 -23"><span class='ocrx_word' id='word_1_14' title='bbox 477 603 847 667; x_wconf 86' lang='lat' dir='ltr'><strong>debebatur</strong></span> <span class='ocrx_word' id='word_1_15' title='bbox 893 613 1118 668; x_wconf 88' lang='lat' dir='ltr'>autem</span> <span class='ocrx_word' id='word_1_16' title='bbox 1169 607 1227 668; x_wconf 94' lang='lat' dir='ltr'>ei</span> <span class='ocrx_word' id='word_1_17' title='bbox 1288 605 1747 669; x_wconf 90' lang='lat' dir='ltr'>huiuscemodi</span> <span class='ocrx_word' id='word_1_18' title='bbox 1797 607 2234 670; x_wconf 89' lang='lat' dir='ltr'>ministerium</span> <span class='ocrx_word' id='word_1_19' title='bbox 2287 606 2401 689; x_wconf 90' lang='lat' dir='ltr'>qui</span> <span class='ocrx_word' id='word_1_20' title='bbox 2464 626 2587 688; x_wconf 93' lang='lat' dir='ltr'>pro</span> <span class='ocrx_word' id='word_1_21' title='bbox 2639 605 2895 667; x_wconf 90' lang='lat' dir='ltr'>uniuer-</span> 
     </span>
     <span class='ocr_line' id='line_1_7' title="bbox 478 705 2899 790; baseline 0 -23"><span class='ocrx_word' id='word_1_22' title='bbox 478 725 706 768; x_wconf 89' lang='lat' dir='ltr'><strong>sorum</strong></span> <span class='ocrx_word' id='word_1_23' title='bbox 758 705 1135 788; x_wconf 90' lang='lat' dir='ltr'>patiebatur</span> <span class='ocrx_word' id='word_1_24' title='bbox 1187 707 1443 785; x_wconf 88' lang='lat' dir='ltr'>salute;</span> <span class='ocrx_word' id='word_1_25' title='bbox 1514 718 1581 771; x_wconf 92' lang='lat' dir='ltr'>et</span> <span class='ocrx_word' id='word_1_26' title='bbox 1641 710 1960 790; x_wconf 91' lang='lat' dir='ltr'>quoniam</span> <span class='ocrx_word' id='word_1_27' title='bbox 2015 729 2146 772; x_wconf 91' lang='lat' dir='ltr'>non</span> <span class='ocrx_word' id='word_1_28' title='bbox 2207 709 2516 772; x_wconf 89' lang='lat' dir='ltr'>minimas</span> <span class='ocrx_word' id='word_1_29' title='bbox 2563 707 2899 771; x_wconf 82' lang='lat' dir='ltr'>mercedes</span> 
     </span>
     <span class='ocr_line' id='line_1_8' title="bbox 482 808 2901 893; baseline -0 -21"><span class='ocrx_word' id='word_1_30' title='bbox 482 830 571 872; x_wconf 83' lang='lat' dir='ltr'>ex</span> <span class='ocrx_word' id='word_1_31' title='bbox 602 809 719 871; x_wconf 89' lang='lat' dir='ltr'>tali</span> <span class='ocrx_word' id='word_1_32' title='bbox 751 808 967 873; x_wconf 88' lang='lat' dir='ltr'>officio</span> <span class='ocrx_word' id='word_1_33' title='bbox 1004 812 1401 893; x_wconf 84' lang='lat' dir='ltr'>adquirebat</span> <span class='ocrx_word' id='word_1_34' title='bbox 1445 810 1836 887; x_wconf 83' lang='lat' dir='ltr'>Philemoni,</span> <span class='ocrx_word' id='word_1_35' title='bbox 1870 813 1937 874; x_wconf 92' lang='lat' dir='ltr'>in</span> <span class='ocrx_word' id='word_1_36' title='bbox 1981 811 2098 875; x_wconf 93' lang='lat' dir='ltr'>tali</span> <span class='ocrx_word' id='word_1_37' title='bbox 2131 812 2239 875; x_wconf 90' lang='lat' dir='ltr'>uel</span> <span class='ocrx_word' id='word_1_38' title='bbox 2287 812 2582 876; x_wconf 84' lang='lat' dir='ltr'>maxime</span> <span class='ocrx_word' id='word_1_39' title='bbox 2629 809 2901 892; x_wconf 86' lang='lat' dir='ltr'>negotio</span> 
     </span>
     <span class='ocr_line' id='line_1_9' title="bbox 420 912 2899 996; baseline -0.001 -21"><span class='ocrx_word' id='word_1_40' title='bbox 420 929 451 996; x_wconf 85' lang='lat'>5</span> <span class='ocrx_word' id='word_1_41' title='bbox 486 912 693 975; x_wconf 88' lang='lat' dir='ltr'>Paulo</span> <span class='ocrx_word' id='word_1_42' title='bbox 724 913 1109 988; x_wconf 81' lang='lat' dir='ltr'>constitute,</span> <span class='ocrx_word' id='word_1_43' title='bbox 1141 912 1196 976; x_wconf 91' lang='lat' dir='ltr'>si</span> <span class='ocrx_word' id='word_1_44' title='bbox 1228 914 1671 996; x_wconf 84' lang='lat' dir='ltr'>praestitisset</span> <span class='ocrx_word' id='word_1_45' title='bbox 1701 914 1762 977; x_wconf 93' lang='lat' dir='ltr'>ei</span> <span class='ocrx_word' id='word_1_46' title='bbox 1805 934 2000 989; x_wconf 85' lang='lat' dir='ltr'>suum</span> <span class='ocrx_word' id='word_1_47' title='bbox 2043 934 2310 977; x_wconf 89' lang='lat' dir='ltr'>seruum</span> <span class='ocrx_word' id='word_1_48' title='bbox 2343 915 2409 978; x_wconf 90' lang='lat' dir='ltr'>in</span> <span class='ocrx_word' id='word_1_49' title='bbox 2444 912 2899 977; x_wconf 89' lang='lat' dir='ltr'>ministerium.</span> 
     </span>
     <span class='ocr_line' id='line_1_10' title="bbox 483 1014 2901 1094; baseline 0 -17"><span class='ocrx_word' id='word_1_50' title='bbox 483 1014 610 1079; x_wconf 93' lang='lat' dir='ltr'>hoc</span> <span class='ocrx_word' id='word_1_51' title='bbox 658 1025 881 1079; x_wconf 88' lang='lat' dir='ltr'>autern</span> <span class='ocrx_word' id='word_1_52' title='bbox 938 1015 1114 1080; x_wconf 87' lang='lat' dir='ltr'>dixit</span> <span class='ocrx_word' id='word_1_53' title='bbox 1163 1038 1297 1080; x_wconf 90' lang='lat' dir='ltr'>non</span> <span class='ocrx_word' id='word_1_54' title='bbox 1352 1019 1632 1081; x_wconf 90' lang='lat' dir='ltr'>retinere</span> <span class='ocrx_word' id='word_1_55' title='bbox 1681 1038 1946 1083; x_wconf 89' lang='lat' dir='ltr'>seruum</span> <span class='ocrx_word' id='word_1_56' title='bbox 1995 1038 2150 1082; x_wconf 89' lang='lat' dir='ltr'>uera</span> <span class='ocrx_word' id='word_1_57' title='bbox 2192 1018 2426 1081; x_wconf 91' lang='lat' dir='ltr'>uolens</span> <span class='ocrx_word' id='word_1_58' title='bbox 2463 1017 2734 1094; x_wconf 89' lang='lat' dir='ltr'>ratione,</span> <span class='ocrx_word' id='word_1_59' title='bbox 2780 1014 2901 1078; x_wconf 89' lang='lat' dir='ltr'>sed</span> 
     </span>
     <span class='ocr_line' id='line_1_11' title="bbox 484 1117 2899 1200; baseline -0.001 -18"><span class='ocrx_word' id='word_1_60' title='bbox 484 1120 843 1183; x_wconf 91' lang='lat' dir='ltr'>ostendens</span> <span class='ocrx_word' id='word_1_61' title='bbox 874 1120 1191 1200; x_wconf 91' lang='lat' dir='ltr'>quoniam</span> <span class='ocrx_word' id='word_1_62' title='bbox 1234 1120 1289 1182; x_wconf 91' lang='lat' dir='ltr'>si</span> <span class='ocrx_word' id='word_1_63' title='bbox 1319 1117 1446 1183; x_wconf 91' lang='lat' dir='ltr'>hoc</span> <span class='ocrx_word' id='word_1_64' title='bbox 1478 1119 1740 1185; x_wconf 87' lang='lat' dir='ltr'>fecisset</span> <span class='ocrx_word' id='word_1_65' title='bbox 1773 1141 1907 1184; x_wconf 90' lang='lat' dir='ltr'>non</span> <span class='ocrx_word' id='word_1_66' title='bbox 1950 1122 2398 1185; x_wconf 86' lang='lat' dir='ltr'>conueniebat</span> <span class='ocrx_word' id='word_1_67' title='bbox 2440 1120 2899 1183; x_wconf 88' lang='lat' dir='ltr'>Philemonem</span> 
     </span>
     <span class='ocr_line' id='line_1_12' title="bbox 484 1222 2902 1308; baseline 0 -25"><span class='ocrx_word' id='word_1_68' title='bbox 484 1222 831 1305; x_wconf 88' lang='lat' dir='ltr'>indignari.</span> <span class='ocrx_word' id='word_1_69' title='bbox 906 1232 1168 1287; x_wconf 90' lang='lat' dir='ltr'>tanturn</span> <span class='ocrx_word' id='word_1_70' title='bbox 1201 1245 1359 1307; x_wconf 86' lang='lat' dir='ltr'>ergo</span> <span class='ocrx_word' id='word_1_71' title='bbox 1390 1225 1668 1290; x_wconf 90' lang='lat' dir='ltr'>interest</span> <span class='ocrx_word' id='word_1_72' title='bbox 1701 1235 1774 1289; x_wconf 93' lang='lat' dir='ltr'>ut</span> <span class='ocrx_word' id='word_1_73' title='bbox 1805 1224 1992 1290; x_wconf 90' lang='lat' dir='ltr'>nulla</span> <span class='ocrx_word' id='word_1_74' title='bbox 2022 1227 2088 1288; x_wconf 89' lang='lat' dir='ltr'>in</span> <span class='ocrx_word' id='word_1_75' title='bbox 2121 1224 2544 1308; x_wconf 90' lang='lat' dir='ltr'>suscipiendo</span> <span class='ocrx_word' id='word_1_76' title='bbox 2578 1223 2902 1288; x_wconf 89' lang='lat' dir='ltr'>Onesimo</span> 
     </span>
     <span class='ocr_line' id='line_1_13' title="bbox 484 1325 2900 1410; baseline 0.001 -23"><span class='ocrx_word' id='word_1_77' title='bbox 484 1334 552 1388; x_wconf 93' lang='lat' dir='ltr'>et</span> <span class='ocrx_word' id='word_1_78' title='bbox 597 1325 974 1407; x_wconf 88' lang='lat' dir='ltr'>praebenda</span> <span class='ocrx_word' id='word_1_79' title='bbox 1020 1327 1080 1389; x_wconf 93' lang='lat' dir='ltr'>ei</span> <span class='ocrx_word' id='word_1_80' title='bbox 1113 1328 1307 1390; x_wconf 91' lang='lat' dir='ltr'>uenia</span> <span class='ocrx_word' id='word_1_81' title='bbox 1349 1327 1750 1410; x_wconf 86' lang='lat' dir='ltr'>ambiguitas</span> <span class='ocrx_word' id='word_1_82' title='bbox 1788 1331 2296 1402; x_wconf 57' lang='lat' dir='ltr'>adnasceretur„</span> <span class='ocrx_word' id='word_1_83' title='bbox 2359 1336 2586 1392; x_wconf 88' lang='lat' dir='ltr'>tamen</span> <span class='ocrx_word' id='word_1_84' title='bbox 2630 1345 2900 1389; x_wconf 86' lang='lat' dir='ltr'>causam</span> 
     </span>
     <span class='ocr_line' id='line_1_14' title="bbox 381 1428 2728 1512; baseline 0 -22"><span class='ocrx_word' id='word_1_85' title='bbox 381 1452 460 1498; x_wconf 92' lang='lat'>10</span> <span class='ocrx_word' id='word_1_86' title='bbox 485 1428 718 1491; x_wconf 85' lang='lat' dir='ltr'>uolens</span> <span class='ocrx_word' id='word_1_87' title='bbox 748 1429 966 1491; x_wconf 86' lang='lat' dir='ltr'>dicere</span> <span class='ocrx_word' id='word_1_88' title='bbox 997 1428 1306 1492; x_wconf 89' lang='lat' dir='ltr'>idoneam</span> <span class='ocrx_word' id='word_1_89' title='bbox 1340 1430 1428 1493; x_wconf 93' lang='lat' dir='ltr'>ob</span> <span class='ocrx_word' id='word_1_90' title='bbox 1460 1451 1665 1512; x_wconf 89' lang='lat' dir='ltr'>quam</span> <span class='ocrx_word' id='word_1_91' title='bbox 1699 1451 1850 1493; x_wconf 91' lang='lat' dir='ltr'>eum</span> <span class='ocrx_word' id='word_1_92' title='bbox 1885 1432 2160 1494; x_wconf 87' lang='lat' dir='ltr'>minime</span> <span class='ocrx_word' id='word_1_93' title='bbox 2192 1432 2495 1507; x_wconf 89' lang='lat' dir='ltr'>tenuerit,</span> <span class='ocrx_word' id='word_1_94' title='bbox 2529 1430 2728 1493; x_wconf 84' lang='lat' dir='ltr'>dicit:</span> 
     </span>
    </p>
   </div>
   <div class='ocr_carea' id='block_1_6' title="bbox 483 1580 2906 1751">
    <p class='ocr_par' dir='ltr' id='par_1_6' title="bbox 483 1580 2906 1751">
     <span class='ocr_line' id='line_1_15' title="bbox 614 1580 2906 1665; baseline 0.002 -22"><span class='ocrx_word' id='word_1_95' title='bbox 614 1580 755 1643; x_wconf 85' lang='lat' dir='ltr'>sine</span> <span class='ocrx_word' id='word_1_96' title='bbox 794 1582 1053 1643; x_wconf 81' lang='lat' dir='ltr'>consilio</span> <span class='ocrx_word' id='word_1_97' title='bbox 1099 1592 1315 1663; x_wconf 69' lang='lat' dir='ltr'>autem</span> <span class='ocrx_word' id='word_1_98' title='bbox 1365 1592 1472 1645; x_wconf 79' lang='lat' dir='ltr'>tuo</span> <span class='ocrx_word' id='word_1_99' title='bbox 1524 1581 1704 1645; x_wconf 77' lang='lat' dir='ltr'><em>nilzil</em></span> <span class='ocrx_word' id='word_1_100' title='bbox 1747 1583 1930 1645; x_wconf 83' lang='lat' dir='ltr'><em>uolui</em></span> <span class='ocrx_word' id='word_1_101' title='bbox 1966 1582 2209 1663; x_wconf 83' lang='lat' dir='ltr'>facere,</span> <span class='ocrx_word' id='word_1_102' title='bbox 2261 1594 2338 1647; x_wconf 86' lang='lat' dir='ltr'>ut</span> <span class='ocrx_word' id='word_1_103' title='bbox 2397 1602 2525 1645; x_wconf 83' lang='lat' dir='ltr'>non</span> <span class='ocrx_word' id='word_1_104' title='bbox 2574 1582 2774 1665; x_wconf 84' lang='lat' dir='ltr'>quasi</span> <span class='ocrx_word' id='word_1_105' title='bbox 2825 1603 2906 1647; x_wconf 80' lang='lat' dir='ltr'>ex</span> 
     </span>
     <span class='ocr_line' id='line_1_16' title="bbox 483 1684 2060 1751; baseline 0.003 -4"><span class='ocrx_word' id='word_1_106' title='bbox 483 1684 844 1747; x_wconf 82' lang='lat' dir='ltr'>necessitate</span> <span class='ocrx_word' id='word_1_107' title='bbox 870 1684 961 1748; x_wconf 83' lang='lat' dir='ltr'>sit</span> <span class='ocrx_word' id='word_1_108' title='bbox 990 1686 1220 1749; x_wconf 83' lang='lat' dir='ltr'><em>bonum</em></span> <span class='ocrx_word' id='word_1_109' title='bbox 1253 1696 1439 1749; x_wconf 84' lang='lat' dir='ltr'>tuum</span> <span class='ocrx_word' id='word_1_110' title='bbox 1468 1686 1586 1749; x_wconf 88' lang='lat' dir='ltr'>sed</span> <span class='ocrx_word' id='word_1_111' title='bbox 1608 1708 1687 1749; x_wconf 78' lang='lat' dir='ltr'>ex</span> <span class='ocrx_word' id='word_1_112' title='bbox 1715 1688 2060 1751; x_wconf 83' lang='lat' dir='ltr'>uoluntate.</span> 
     </span>
    </p>
   </div>
   <div class='ocr_carea' id='block_1_7' title="bbox 382 1812 2904 2107">
    <p class='ocr_par' dir='ltr' id='par_1_7' title="bbox 382 1812 2904 2107">
     <span class='ocr_line' id='line_1_17' title="bbox 618 1812 2899 1878; baseline 0 -3"><span class='ocrx_word' id='word_1_113' title='bbox 618 1820 787 1875; x_wconf 91' lang='lat' dir='ltr'>‘non</span> <span class='ocrx_word' id='word_1_114' title='bbox 819 1812 1172 1875; x_wconf 90' lang='lat' dir='ltr'>uidebatur</span> <span class='ocrx_word' id='word_1_115' title='bbox 1203 1812 1363 1876; x_wconf 90' lang='lat' dir='ltr'>mihi</span> <span class='ocrx_word' id='word_1_116' title='bbox 1406 1834 1551 1877; x_wconf 87' lang='lat' dir='ltr'>esse</span> <span class='ocrx_word' id='word_1_117' title='bbox 1598 1814 1846 1877; x_wconf 89' lang='lat' dir='ltr'>iustum</span> <span class='ocrx_word' id='word_1_118' title='bbox 1882 1822 1956 1878; x_wconf 92' lang='lat' dir='ltr'>ut</span> <span class='ocrx_word' id='word_1_119' title='bbox 1996 1824 2228 1877; x_wconf 90' lang='lat' dir='ltr'>contra</span> <span class='ocrx_word' id='word_1_120' title='bbox 2261 1814 2681 1877; x_wconf 89' lang='lat' dir='ltr'>uoluntatem</span> <span class='ocrx_word' id='word_1_121' title='bbox 2715 1822 2899 1877; x_wconf 91' lang='lat' dir='ltr'>tuam</span> 
     </span>
     <span class='ocr_line' id='line_1_18' title="bbox 485 1915 2903 1999; baseline 0 -20"><span class='ocrx_word' id='word_1_122' title='bbox 485 1936 639 1979; x_wconf 91' lang='lat' dir='ltr'>eum</span> <span class='ocrx_word' id='word_1_123' title='bbox 672 1915 1022 1978; x_wconf 87' lang='lat' dir='ltr'>retinerem</span> <span class='ocrx_word' id='word_1_124' title='bbox 1054 1916 1167 1997; x_wconf 90' lang='lat' dir='ltr'>qui</span> <span class='ocrx_word' id='word_1_125' title='bbox 1200 1916 1285 1979; x_wconf 93' lang='lat' dir='ltr'>ad</span> <span class='ocrx_word' id='word_1_126' title='bbox 1320 1925 1387 1979; x_wconf 89' lang='lat' dir='ltr'>te</span> <span class='ocrx_word' id='word_1_127' title='bbox 1417 1916 1817 1999; x_wconf 88' lang='lat' dir='ltr'>pertinebat.</span> <span class='ocrx_word' id='word_1_128' title='bbox 1897 1936 2054 1980; x_wconf 90' lang='lat' dir='ltr'>nam</span> <span class='ocrx_word' id='word_1_129' title='bbox 2087 1937 2380 1998; x_wconf 91' lang='lat' dir='ltr'>aequum</span> <span class='ocrx_word' id='word_1_130' title='bbox 2413 1938 2558 1979; x_wconf 88' lang='lat' dir='ltr'>esse</span> <span class='ocrx_word' id='word_1_131' title='bbox 2587 1917 2903 1980; x_wconf 84' lang='lat' dir='ltr'>existimo</span> 
     </span>
     <span class='ocr_line' id='line_1_19' title="bbox 382 2019 2904 2107; baseline -0.002 -20"><span class='ocrx_word' id='word_1_132' title='bbox 382 2039 450 2107; x_wconf 85' lang='lat'>15</span> <span class='ocrx_word' id='word_1_133' title='bbox 483 2028 561 2087; x_wconf 76' lang='lat' dir='ltr'>‚ut</span> <span class='ocrx_word' id='word_1_134' title='bbox 584 2020 1057 2102; x_wconf 89' lang='lat' dir='ltr'>quodcumque</span> <span class='ocrx_word' id='word_1_135' title='bbox 1082 2022 1331 2083; x_wconf 90' lang='lat' dir='ltr'>bonum</span> <span class='ocrx_word' id='word_1_136' title='bbox 1358 2042 1445 2083; x_wconf 85' lang='lat' dir='ltr'>ex</span> <span class='ocrx_word' id='word_1_137' title='bbox 1478 2030 1545 2083; x_wconf 92' lang='lat' dir='ltr'>te</span> <span class='ocrx_word' id='word_1_138' title='bbox 1580 2020 1776 2085; x_wconf 90' lang='lat' dir='ltr'>fuerit</span> <span class='ocrx_word' id='word_1_139' title='bbox 1808 2020 2056 2085; x_wconf 87' lang='lat' dir='ltr'>facturn</span> <span class='ocrx_word' id='word_1_140' title='bbox 2090 2042 2210 2104; x_wconf 89' lang='lat' dir='ltr'>pro</span> <span class='ocrx_word' id='word_1_141' title='bbox 2238 2031 2354 2085; x_wconf 94' lang='lat' dir='ltr'>tuo</span> <span class='ocrx_word' id='word_1_142' title='bbox 2386 2020 2511 2083; x_wconf 90' lang='lat' dir='ltr'>hoc</span> <span class='ocrx_word' id='word_1_143' title='bbox 2544 2019 2904 2103; x_wconf 87' lang='lat' dir='ltr'>impleatur</span> 
     </span>
    </p>
   </div>
   <div class='ocr_carea' id='block_1_8' title="bbox 484 2124 790 2189">
    <p class='ocr_par' dir='ltr' id='par_1_8' title="bbox 484 2124 790 2189">
     <span class='ocr_line' id='line_1_20' title="bbox 484 2124 790 2189; baseline 0.01 -4"><span class='ocrx_word' id='word_1_144' title='bbox 484 2124 790 2189; x_wconf 62' lang='lat' dir='ltr'>arbitrio?</span> 
     </span>
    </p>
   </div>
   <div class='ocr_carea' id='block_1_9' title="bbox 880 2122 2906 2207">
    <p class='ocr_par' dir='ltr' id='par_1_9' title="bbox 880 2122 2906 2207">
     <span class='ocr_line' id='line_1_21' title="bbox 880 2122 2906 2207; baseline 0 -21"><span class='ocrx_word' id='word_1_145' title='bbox 880 2122 1124 2187; x_wconf 90' lang='lat' dir='ltr'>deinde</span> <span class='ocrx_word' id='word_1_146' title='bbox 1182 2124 1338 2206; x_wconf 89' lang='lat' dir='ltr'>quia</span> <span class='ocrx_word' id='word_1_147' title='bbox 1398 2124 1657 2188; x_wconf 89' lang='lat' dir='ltr'>tristem</span> <span class='ocrx_word' id='word_1_148' title='bbox 1735 2145 1888 2187; x_wconf 91' lang='lat' dir='ltr'>eum</span> <span class='ocrx_word' id='word_1_149' title='bbox 1951 2123 2110 2207; x_wconf 90' lang='lat' dir='ltr'>fuga</span> <span class='ocrx_word' id='word_1_150' title='bbox 2169 2125 2341 2188; x_wconf 91' lang='lat' dir='ltr'>serui</span> <span class='ocrx_word' id='word_1_151' title='bbox 2403 2133 2478 2186; x_wconf 91' lang='lat' dir='ltr'>ut</span> <span class='ocrx_word' id='word_1_152' title='bbox 2539 2126 2743 2187; x_wconf 89' lang='lat' dir='ltr'>moris</span> <span class='ocrx_word' id='word_1_153' title='bbox 2801 2133 2906 2187; x_wconf 89' lang='lat' dir='ltr'>est</span> 
     </span>
    </p>
   </div>
   <div class='ocr_carea' id='block_1_10' title="bbox 486 2224 2643 2311">
    <p class='ocr_par' dir='ltr' id='par_1_10' title="bbox 486 2224 2643 2311">
     <span class='ocr_line' id='line_1_22' title="bbox 486 2224 2643 2311; baseline 0 -23"><span class='ocrx_word' id='word_1_154' title='bbox 486 2224 752 2307; x_wconf 84' lang='lat' dir='ltr'>fecerat,</span> <span class='ocrx_word' id='word_1_155' title='bbox 784 2227 1193 2291; x_wconf 88' lang='lat' dir='ltr'>sufficienter·</span> <span class='ocrx_word' id='word_1_156' title='bbox 1211 2236 1280 2289; x_wconf 92' lang='lat' dir='ltr'>et</span> <span class='ocrx_word' id='word_1_157' title='bbox 1310 2246 1433 2309; x_wconf 92' lang='lat' dir='ltr'>pro</span> <span class='ocrx_word' id='word_1_158' title='bbox 1465 2226 1590 2290; x_wconf 93' lang='lat' dir='ltr'>hoc</span> <span class='ocrx_word' id='word_1_159' title='bbox 1625 2228 1892 2291; x_wconf 88' lang='lat' dir='ltr'>medere</span> <span class='ocrx_word' id='word_1_160' title='bbox 1924 2227 2342 2311; x_wconf 89' lang='lat' dir='ltr'>deproperat,</span> <span class='ocrx_word' id='word_1_161' title='bbox 2378 2227 2643 2290; x_wconf 88' lang='lat' dir='ltr'>dicens:</span> 
     </span>
    </p>
   </div>
   <div class='ocr_carea' id='block_1_11' title="bbox 599 2368 2902 2453">
    <p class='ocr_par' dir='ltr' id='par_1_11' title="bbox 599 2368 2902 2453">
     <span class='ocr_line' id='line_1_23' title="bbox 599 2368 2902 2453; baseline 0.001 -22"><span class='ocrx_word' id='word_1_162' title='bbox 599 2368 899 2448; x_wconf 85' lang='lat' dir='ltr'>forsitan</span> <span class='ocrx_word' id='word_1_163' title='bbox 928 2369 1099 2431; x_wconf 82' lang='lat' dir='ltr'>enim</span> <span class='ocrx_word' id='word_1_164' title='bbox 1138 2368 1275 2431; x_wconf 79' lang='lat' dir='ltr'>ideo</span> <span class='ocrx_word' id='word_1_165' title='bbox 1304 2369 1556 2432; x_wconf 81' lang='lat' dir='ltr'>recessit</span> <span class='ocrx_word' id='word_1_166' title='bbox 1591 2369 1690 2432; x_wconf 88' lang='lat' dir='ltr'>ad</span> <span class='ocrx_word' id='word_1_167' title='bbox 1713 2380 1972 2453; x_wconf 75' lang='lat' dir='ltr'>tempuS,</span> <span class='ocrx_word' id='word_1_168' title='bbox 2016 2380 2092 2435; x_wconf 84' lang='lat' dir='ltr'>ut</span> <span class='ocrx_word' id='word_1_169' title='bbox 2118 2382 2449 2435; x_wconf 74' lang='lat' dir='ltr'>aeternum</span> <span class='ocrx_word' id='word_1_170' title='bbox 2479 2390 2623 2433; x_wconf 86' lang='lat' dir='ltr'>eum</span> <span class='ocrx_word' id='word_1_171' title='bbox 2653 2368 2902 2447; x_wconf 76' lang='lat' dir='ltr'>habeas,</span> 
     </span>
    </p>
   </div>
   <div class='ocr_carea' id='block_1_12' title="bbox 488 2472 1729 2556">
    <p class='ocr_par' dir='ltr' id='par_1_12' title="bbox 488 2472 1729 2556">
     <span class='ocr_line' id='line_1_24' title="bbox 488 2472 1729 2556; baseline 0.002 -19"><span class='ocrx_word' id='word_1_172' title='bbox 488 2473 623 2538; x_wconf 82' lang='lat' dir='ltr'>iam</span> <span class='ocrx_word' id='word_1_173' title='bbox 655 2494 781 2536; x_wconf 83' lang='lat' dir='ltr'>non</span> <span class='ocrx_word' id='word_1_174' title='bbox 809 2494 1071 2538; x_wconf 85' lang='lat' dir='ltr'>seruum</span> <span class='ocrx_word' id='word_1_175' title='bbox 1100 2472 1217 2537; x_wconf 87' lang='lat' dir='ltr'>sed</span> <span class='ocrx_word' id='word_1_176' title='bbox 1237 2485 1429 2556; x_wconf 83' lang='lat' dir='ltr'>super</span> <span class='ocrx_word' id='word_1_177' title='bbox 1451 2494 1729 2539; x_wconf 84' lang='lat' dir='ltr'>seruum.</span> 
     </span>
    </p>
   </div>
   <div class='ocr_carea' id='block_1_13' title="bbox 617 2596 2898 2680">
    <p class='ocr_par' dir='ltr' id='par_1_13' title="bbox 617 2596 2898 2680">
     <span class='ocr_line' id='line_1_25' title="bbox 617 2596 2898 2680; baseline -0.001 -20"><span class='ocrx_word' id='word_1_178' title='bbox 617 2596 889 2660; x_wconf 90' lang='lat' dir='ltr'>euidens</span> <span class='ocrx_word' id='word_1_179' title='bbox 921 2605 1021 2660; x_wconf 90' lang='lat' dir='ltr'>est</span> <span class='ocrx_word' id='word_1_180' title='bbox 1052 2596 1367 2679; x_wconf 88' lang='lat' dir='ltr'>quoniam</span> <span class='ocrx_word' id='word_1_181' title='bbox 1404 2597 1468 2659; x_wconf 91' lang='lat' dir='ltr'>in</span> <span class='ocrx_word' id='word_1_182' title='bbox 1500 2597 1659 2680; x_wconf 87' lang='lat' dir='ltr'>fuga</span> <span class='ocrx_word' id='word_1_183' title='bbox 1702 2618 1929 2662; x_wconf 90' lang='lat' dir='ltr'>uersus</span> <span class='ocrx_word' id='word_1_184' title='bbox 1962 2607 2063 2662; x_wconf 90' lang='lat' dir='ltr'>est</span> <span class='ocrx_word' id='word_1_185' title='bbox 2105 2599 2358 2662; x_wconf 87' lang='lat' dir='ltr'>arbitrii</span> <span class='ocrx_word' id='word_1_186' title='bbox 2389 2598 2489 2662; x_wconf 90' lang='lat' dir='ltr'>sui</span> <span class='ocrx_word' id='word_1_187' title='bbox 2523 2597 2856 2680; x_wconf 86' lang='lat' dir='ltr'>prauitate</span> <span class='ocrx_word' id='word_1_188' title='bbox 2882 2617 2898 2673; x_wconf 87' lang='lat'>;</span> 
     </span>
    </p>
   </div>
   <div class='ocr_carea' id='block_1_14' title="bbox 1538 2749 1862 2800">
    <p class='ocr_par' dir='ltr' id='par_1_14' title="bbox 1538 2749 1862 2800">
     <span class='ocr_line' id='line_1_26' title="bbox 1538 2749 1862 2800; baseline 0 0"><span class='ocrx_word' id='word_1_189' title='bbox 1538 2766 1558 2800; x_wconf 85' lang='lat'>1</span> <span class='ocrx_word' id='word_1_190' title='bbox 1596 2758 1754 2800; x_wconf 77' lang='lat' dir='ltr'>utem</span> <span class='ocrx_word' id='word_1_191' title='bbox 1783 2749 1862 2800; x_wconf 78' lang='lat' dir='ltr'>C*</span> 
     </span>
    </p>
   </div>
   <div class='ocr_carea' id='block_1_15' title="bbox 443 2882 1649 4498">
    <p class='ocr_par' dir='ltr' id='par_1_15' title="bbox 558 2882 1643 2948">
     <span class='ocr_line' id='line_1_27' title="bbox 558 2882 1643 2948; baseline 0 -15"><span class='ocrx_word' id='word_1_192' title='bbox 558 2902 599 2934; x_wconf 88' lang='lat'>1.</span> <span class='ocrx_word' id='word_1_193' title='bbox 695 2891 755 2932; x_wconf 80' lang='lat' dir='ltr'>ut</span> <span class='ocrx_word' id='word_1_194' title='bbox 805 2891 1074 2947; x_wconf 77' lang='lat' dir='ltr'>utrumque</span> <span class='ocrx_word' id='word_1_195' title='bbox 1122 2882 1445 2948; x_wconf 65' lang='lat' dir='ltr'>signficant]</span> <span class='ocrx_word' id='word_1_196' title='bbox 1526 2885 1569 2934; x_wconf 95' lang='lat'>1.</span> <span class='ocrx_word' id='word_1_197' title='bbox 1596 2900 1643 2934; x_wconf 89' lang='lat' dir='ltr'>e.</span> 
     </span>
    </p>

    <p class='ocr_par' dir='ltr' id='par_1_16' title="bbox 443 2963 1649 4094">
     <span class='ocr_line' id='line_1_28' title="bbox 486 2963 1647 3029; baseline -0.001 -14"><span class='ocrx_word' id='word_1_198' title='bbox 486 2967 572 3016; x_wconf 89' lang='lat' dir='ltr'>the</span> <span class='ocrx_word' id='word_1_199' title='bbox 599 2966 779 3029; x_wconf 84' lang='lat' dir='ltr'>phrase</span> <span class='ocrx_word' id='word_1_200' title='bbox 813 2965 864 3013; x_wconf 78' lang='grc' dir='ltr'>ἐν</span> <span class='ocrx_word' id='word_1_201' title='bbox 896 2965 993 3013; x_wconf 81' lang='grc' dir='ltr'>τοῖς</span> <span class='ocrx_word' id='word_1_202' title='bbox 1024 2964 1211 3022; x_wconf 76' lang='grc' dir='ltr'>δέσμαις</span> <span class='ocrx_word' id='word_1_203' title='bbox 1239 2966 1327 3012; x_wconf 79' lang='grc' dir='ltr'>τοῦ</span> <span class='ocrx_word' id='word_1_204' title='bbox 1360 2963 1647 3026; x_wconf 72' lang='grc' dir='ltr'>εὐαγγελίου</span> 
     </span>
     <span class='ocr_line' id='line_1_29' title="bbox 488 3043 1645 3110; baseline 0.001 -14"><span class='ocrx_word' id='word_1_205' title='bbox 488 3047 633 3096; x_wconf 83' lang='lat' dir='ltr'>looks</span> <span class='ocrx_word' id='word_1_206' title='bbox 654 3056 756 3096; x_wconf 89' lang='lat' dir='ltr'>two</span> <span class='ocrx_word' id='word_1_207' title='bbox 778 3062 946 3109; x_wconf 87' lang='lat' dir='ltr'>ways:</span> <span class='ocrx_word' id='word_1_208' title='bbox 982 3043 1050 3108; x_wconf 87' lang='lat'>(1)</span> <span class='ocrx_word' id='word_1_209' title='bbox 1086 3047 1125 3096; x_wconf 87' lang='lat' dir='ltr'>it</span> <span class='ocrx_word' id='word_1_210' title='bbox 1144 3045 1354 3110; x_wconf 84' lang='lat' dir='ltr'>justifies</span> <span class='ocrx_word' id='word_1_211' title='bbox 1387 3047 1439 3097; x_wconf 92' lang='lat' dir='ltr'>S.</span> <span class='ocrx_word' id='word_1_212' title='bbox 1478 3046 1645 3097; x_wconf 88' lang='lat' dir='ltr'>Paul’s</span> 
     </span>
     <span class='ocr_line' id='line_1_30' title="bbox 490 3125 1645 3192; baseline 0.001 -16"><span class='ocrx_word' id='word_1_213' title='bbox 490 3126 615 3176; x_wconf 81' lang='lat' dir='ltr'>wish</span> <span class='ocrx_word' id='word_1_214' title='bbox 650 3132 703 3176; x_wconf 90' lang='lat' dir='ltr'>to</span> <span class='ocrx_word' id='word_1_215' title='bbox 740 3126 899 3178; x_wconf 82' lang='lat' dir='ltr'>retain</span> <span class='ocrx_word' id='word_1_216' title='bbox 936 3125 1221 3182; x_wconf 61' lang='lat' dir='ltr'>onesinum,</span> <span class='ocrx_word' id='word_1_217' title='bbox 1256 3126 1429 3192; x_wconf 87' lang='lat' dir='ltr'>seeing</span> <span class='ocrx_word' id='word_1_218' title='bbox 1466 3127 1505 3177; x_wconf 85' lang='lat' dir='ltr'>it</span> <span class='ocrx_word' id='word_1_219' title='bbox 1542 3143 1645 3177; x_wconf 82' lang='lat' dir='ltr'>was</span> 
     </span>
     <span class='ocr_line' id='line_1_31' title="bbox 488 3207 1646 3274; baseline -0.002 -16"><span class='ocrx_word' id='word_1_220' title='bbox 488 3208 566 3258; x_wconf 79' lang='lat' dir='ltr'>for</span> <span class='ocrx_word' id='word_1_221' title='bbox 599 3208 686 3257; x_wconf 89' lang='lat' dir='ltr'>the</span> <span class='ocrx_word' id='word_1_222' title='bbox 720 3222 955 3257; x_wconf 89' lang='lat' dir='ltr'>common</span> <span class='ocrx_word' id='word_1_223' title='bbox 986 3207 1121 3271; x_wconf 88' lang='lat' dir='ltr'>good</span> <span class='ocrx_word' id='word_1_224' title='bbox 1160 3208 1269 3258; x_wconf 87' lang='lat' dir='ltr'>that</span> <span class='ocrx_word' id='word_1_225' title='bbox 1308 3208 1395 3258; x_wconf 90' lang='lat' dir='ltr'>the</span> <span class='ocrx_word' id='word_1_226' title='bbox 1430 3208 1646 3274; x_wconf 88' lang='lat' dir='ltr'>Apostle</span> 
     </span>
     <span class='ocr_line' id='line_1_32' title="bbox 490 3289 1646 3355; baseline -0.001 -15"><span class='ocrx_word' id='word_1_227' title='bbox 490 3306 592 3340; x_wconf 82' lang='lat' dir='ltr'>was</span> <span class='ocrx_word' id='word_1_228' title='bbox 645 3290 959 3355; x_wconf 86' lang='lat' dir='ltr'>undergoing</span> <span class='ocrx_word' id='word_1_229' title='bbox 1012 3289 1098 3340; x_wconf 90' lang='lat' dir='ltr'>the</span> <span class='ocrx_word' id='word_1_230' title='bbox 1152 3289 1533 3354; x_wconf 77' lang='lat' dir='ltr'>imprisonment</span> <span class='ocrx_word' id='word_1_231' title='bbox 1590 3289 1646 3339; x_wconf 88' lang='lat' dir='ltr'>in</span> 
     </span>
     <span class='ocr_line' id='line_1_33' title="bbox 490 3373 1644 3438; baseline -0.003 -12"><span class='ocrx_word' id='word_1_232' title='bbox 490 3375 654 3426; x_wconf 82' lang='lat' dir='ltr'>which</span> <span class='ocrx_word' id='word_1_233' title='bbox 678 3376 743 3426; x_wconf 87' lang='lat' dir='ltr'>he</span> <span class='ocrx_word' id='word_1_234' title='bbox 766 3377 957 3426; x_wconf 86' lang='lat' dir='ltr'>needed</span> <span class='ocrx_word' id='word_1_235' title='bbox 980 3375 1059 3424; x_wconf 89' lang='lat' dir='ltr'>his</span> <span class='ocrx_word' id='word_1_236' title='bbox 1080 3373 1294 3424; x_wconf 88' lang='lat' dir='ltr'>services</span> <span class='ocrx_word' id='word_1_237' title='bbox 1314 3389 1329 3433; x_wconf 89' lang='lat'>;</span> <span class='ocrx_word' id='word_1_238' title='bbox 1366 3375 1438 3434; x_wconf 70' lang='grc' dir='ltr'>(α)</span> <span class='ocrx_word' id='word_1_239' title='bbox 1472 3375 1511 3423; x_wconf 90' lang='lat' dir='ltr'>it</span> <span class='ocrx_word' id='word_1_240' title='bbox 1532 3389 1644 3438; x_wconf 89' lang='lat' dir='ltr'>sug·</span> 
     </span>
     <span class='ocr_line' id='line_1_34' title="bbox 488 3457 1646 3523; baseline -0.003 -14"><span class='ocrx_word' id='word_1_241' title='bbox 488 3468 623 3523; x_wconf 84' lang='lat' dir='ltr'>gests</span> <span class='ocrx_word' id='word_1_242' title='bbox 645 3458 753 3509; x_wconf 83' lang='lat' dir='ltr'>that</span> <span class='ocrx_word' id='word_1_243' title='bbox 778 3459 1041 3508; x_wconf 87' lang='lat' dir='ltr'>Philemon</span> <span class='ocrx_word' id='word_1_244' title='bbox 1062 3457 1268 3507; x_wconf 79' lang='lat' dir='ltr'>himself</span> <span class='ocrx_word' id='word_1_245' title='bbox 1285 3458 1449 3506; x_wconf 81' lang='lat' dir='ltr'>would</span> <span class='ocrx_word' id='word_1_246' title='bbox 1474 3458 1536 3506; x_wconf 91' lang='lat' dir='ltr'>be</span> <span class='ocrx_word' id='word_1_247' title='bbox 1560 3457 1646 3506; x_wconf 89' lang='lat' dir='ltr'>the</span> 
     </span>
     <span class='ocr_line' id='line_1_35' title="bbox 488 3538 1646 3606; baseline -0.003 -15"><span class='ocrx_word' id='word_1_248' title='bbox 488 3543 663 3606; x_wconf 73' lang='lat' dir='ltr'>gainer</span> <span class='ocrx_word' id='word_1_249' title='bbox 683 3541 726 3590; x_wconf 89' lang='lat' dir='ltr'>if</span> <span class='ocrx_word' id='word_1_250' title='bbox 741 3539 821 3589; x_wconf 87' lang='lat' dir='ltr'>his</span> <span class='ocrx_word' id='word_1_251' title='bbox 842 3540 978 3589; x_wconf 81' lang='lat' dir='ltr'>slave</span> <span class='ocrx_word' id='word_1_252' title='bbox 1003 3555 1130 3588; x_wconf 88' lang='lat' dir='ltr'>were</span> <span class='ocrx_word' id='word_1_253' title='bbox 1152 3539 1418 3603; x_wconf 89' lang='lat' dir='ltr'>employed</span> <span class='ocrx_word' id='word_1_254' title='bbox 1440 3538 1493 3588; x_wconf 90' lang='lat' dir='ltr'>in</span> <span class='ocrx_word' id='word_1_255' title='bbox 1523 3538 1646 3588; x_wconf 87' lang='lat' dir='ltr'>such</span> 
     </span>
     <span class='ocr_line' id='line_1_36' title="bbox 443 3620 697 3672; baseline 0.004 -4"><span class='ocrx_word' id='word_1_256' title='bbox 443 3659 449 3668; x_wconf 93' lang='lat'>.</span> <span class='ocrx_word' id='word_1_257' title='bbox 488 3639 521 3672; x_wconf 84' lang='lat' dir='ltr'>a</span> <span class='ocrx_word' id='word_1_258' title='bbox 542 3620 697 3670; x_wconf 81' lang='lat' dir='ltr'>work.</span> 
     </span>
     <span class='ocr_line' id='line_1_37' title="bbox 494 3701 1644 3767; baseline -0.003 -13"><span class='ocrx_word' id='word_1_259' title='bbox 494 3732 501 3737; x_wconf 89' lang='lat'>-</span> <span class='ocrx_word' id='word_1_260' title='bbox 561 3721 637 3754; x_wconf 91' lang='lat'>11.</span> <span class='ocrx_word' id='word_1_261' title='bbox 692 3710 751 3752; x_wconf 78' lang='lat' dir='ltr'>ut</span> <span class='ocrx_word' id='word_1_262' title='bbox 785 3719 886 3752; x_wconf 83' lang='lat' dir='ltr'>non</span> <span class='ocrx_word' id='word_1_263' title='bbox 925 3703 1084 3767; x_wconf 81' lang='lat' dir='ltr'>quasi,</span> <span class='ocrx_word' id='word_1_264' title='bbox 1118 3701 1233 3763; x_wconf 85' lang='lat' dir='ltr'>&amp;c.]</span> <span class='ocrx_word' id='word_1_265' title='bbox 1315 3701 1387 3751; x_wconf 93' lang='lat' dir='ltr'>So</span> <span class='ocrx_word' id='word_1_266' title='bbox 1427 3701 1644 3750; x_wconf 78' lang='lat' dir='ltr'>Claram.</span> 
     </span>
     <span class='ocr_line' id='line_1_38' title="bbox 488 3782 1648 3848; baseline -0.004 -12"><span class='ocrx_word' id='word_1_267' title='bbox 488 3786 589 3836; x_wconf 80' lang='lat' dir='ltr'>and</span> <span class='ocrx_word' id='word_1_268' title='bbox 614 3785 843 3844; x_wconf 88' lang='lat' dir='ltr'>Hieron.,</span> <span class='ocrx_word' id='word_1_269' title='bbox 872 3784 961 3833; x_wconf 90' lang='lat' dir='ltr'>but</span> <span class='ocrx_word' id='word_1_270' title='bbox 983 3783 1305 3848; x_wconf 87' lang='lat' dir='ltr'>substituting</span> <span class='ocrx_word' id='word_1_271' title='bbox 1332 3782 1546 3832; x_wconf 87' lang='lat' dir='ltr'>“esset”</span> <span class='ocrx_word' id='word_1_272' title='bbox 1569 3783 1648 3832; x_wconf 91' lang='lat' dir='ltr'>for</span> 
     </span>
     <span class='ocr_line' id='line_1_39' title="bbox 486 3863 1649 3929; baseline -0.003 -14"><span class='ocrx_word' id='word_1_273' title='bbox 486 3868 583 3926; x_wconf 62' lang='grc' dir='ltr'>,τῖες</span> <span class='ocrx_word' id='word_1_274' title='bbox 632 3866 805 3929; x_wconf 87' lang='lat' dir='ltr'>Vulg.‚</span> <span class='ocrx_word' id='word_1_275' title='bbox 848 3865 969 3914; x_wconf 87' lang='lat' dir='ltr'>“uti</span> <span class='ocrx_word' id='word_1_276' title='bbox 1004 3881 1069 3915; x_wconf 89' lang='lat' dir='ltr'>ne</span> <span class='ocrx_word' id='word_1_277' title='bbox 1106 3863 1490 3914; x_wconf 87' lang='lat' dir='ltr'>uelut...esset.”</span> <span class='ocrx_word' id='word_1_278' title='bbox 1556 3865 1649 3913; x_wconf 86' lang='lat' dir='ltr'>Ex</span> 
     </span>
     <span class='ocr_line' id='line_1_40' title="bbox 488 3945 1642 4012; baseline -0.002 -14"><span class='ocrx_word' id='word_1_279' title='bbox 488 3949 795 4001; x_wconf 76' lang='lat' dir='ltr'>uoluntate-:-</span> <span class='ocrx_word' id='word_1_280' title='bbox 809 3945 932 3997; x_wconf 77' lang='grc' dir='ltr'>κατὰ</span> <span class='ocrx_word' id='word_1_281' title='bbox 950 3949 1177 3996; x_wconf 77' lang='grc' dir='ltr'>ἑκούσιον.</span> <span class='ocrx_word' id='word_1_282' title='bbox 1229 3947 1301 3996; x_wconf 91' lang='lat' dir='ltr'>So</span> <span class='ocrx_word' id='word_1_283' title='bbox 1314 3948 1442 4012; x_wconf 87' lang='lat' dir='ltr'>Aug.</span> <span class='ocrx_word' id='word_1_284' title='bbox 1458 3966 1474 4008; x_wconf 81' lang='lat'>3</span> <span class='ocrx_word' id='word_1_285' title='bbox 1503 3947 1567 3996; x_wconf 94' lang='grc' dir='ltr'>Ο.</span> <span class='ocrx_word' id='word_1_286' title='bbox 1583 3947 1642 3996; x_wconf 91' lang='lat' dir='ltr'>L.</span> 
     </span>
     <span class='ocr_line' id='line_1_41' title="bbox 488 4027 1251 4094; baseline 0 -15"><span class='ocrx_word' id='word_1_287' title='bbox 488 4031 589 4080; x_wconf 80' lang='lat' dir='ltr'>and</span> <span class='ocrx_word' id='word_1_288' title='bbox 614 4031 781 4094; x_wconf 74' lang='lat' dir='ltr'>vulg..</span> <span class='ocrx_word' id='word_1_289' title='bbox 812 4027 1251 4079; x_wconf 86' lang='lat' dir='ltr'>“uoluntarium.”</span> 
     </span>
    </p>

    <p class='ocr_par' dir='ltr' id='par_1_17' title="bbox 490 4107 1647 4498">
     <span class='ocr_line' id='line_1_42' title="bbox 562 4107 1644 4175; baseline -0.005 -15"><span class='ocrx_word' id='word_1_290' title='bbox 562 4125 637 4172; x_wconf 82' lang='lat'>15.</span> <span class='ocrx_word' id='word_1_291' title='bbox 694 4117 753 4158; x_wconf 85' lang='lat' dir='ltr'>ut</span> <span class='ocrx_word' id='word_1_292' title='bbox 780 4109 1112 4175; x_wconf 81' lang='lat' dir='ltr'>quodcumque</span> <span class='ocrx_word' id='word_1_293' title='bbox 1144 4109 1342 4167; x_wconf 82' lang='lat' dir='ltr'>bonum,</span> <span class='ocrx_word' id='word_1_294' title='bbox 1380 4108 1496 4170; x_wconf 83' lang='lat' dir='ltr'>&amp;c.]</span> <span class='ocrx_word' id='word_1_295' title='bbox 1564 4107 1644 4156; x_wconf 85' lang='lat' dir='ltr'>cf.</span> 
     </span>
     <span class='ocr_line' id='line_1_43' title="bbox 493 4190 1645 4254; baseline -0.002 -14"><span class='ocrx_word' id='word_1_296' title='bbox 493 4191 545 4240; x_wconf 88' lang='lat' dir='ltr'>S.</span> <span class='ocrx_word' id='word_1_297' title='bbox 572 4191 772 4254; x_wconf 87' lang='lat' dir='ltr'>Jerome</span> <span class='ocrx_word' id='word_1_298' title='bbox 794 4190 864 4239; x_wconf 86' lang='lat' dir='ltr'>ad</span> <span class='ocrx_word' id='word_1_299' title='bbox 884 4191 932 4239; x_wconf 82' lang='grc' dir='ltr'>Ιι.</span> <span class='ocrx_word' id='word_1_300' title='bbox 957 4191 1015 4240; x_wconf 85' lang='lat' dir='ltr'>l.=</span> <span class='ocrx_word' id='word_1_301' title='bbox 1056 4190 1241 4254; x_wconf 85' lang='lat' dir='ltr'>“quod</span> <span class='ocrx_word' id='word_1_302' title='bbox 1275 4197 1445 4238; x_wconf 87' lang='lat' dir='ltr'>autem</span> <span class='ocrx_word' id='word_1_303' title='bbox 1476 4205 1645 4238; x_wconf 85' lang='lat' dir='ltr'>neces-</span> 
     </span>
     <span class='ocr_line' id='line_1_44' title="bbox 490 4267 1646 4320; baseline -0.002 -1"><span class='ocrx_word' id='word_1_304' title='bbox 490 4270 638 4320; x_wconf 82' lang='lat' dir='ltr'>sitate</span> <span class='ocrx_word' id='word_1_305' title='bbox 658 4271 847 4320; x_wconf 87' lang='lat' dir='ltr'>bonum</span> <span class='ocrx_word' id='word_1_306' title='bbox 868 4280 944 4320; x_wconf 89' lang='lat' dir='ltr'>est</span> <span class='ocrx_word' id='word_1_307' title='bbox 974 4286 1077 4320; x_wconf 89' lang='lat' dir='ltr'>non</span> <span class='ocrx_word' id='word_1_308' title='bbox 1107 4277 1181 4319; x_wconf 90' lang='lat' dir='ltr'>est</span> <span class='ocrx_word' id='word_1_309' title='bbox 1213 4267 1457 4319; x_wconf 89' lang='lat' dir='ltr'>bonum.”</span> <span class='ocrx_word' id='word_1_310' title='bbox 1524 4270 1646 4320; x_wconf 86' lang='lat' dir='ltr'>And</span> 
     </span>
     <span class='ocr_line' id='line_1_45' title="bbox 496 4351 1644 4417; baseline 0 -17"><span class='ocrx_word' id='word_1_311' title='bbox 496 4351 689 4416; x_wconf 85' lang='lat' dir='ltr'>Pelag.:</span> <span class='ocrx_word' id='word_1_312' title='bbox 740 4353 1065 4401; x_wconf 84' lang='lat' dir='ltr'>“notandum</span> <span class='ocrx_word' id='word_1_313' title='bbox 1098 4353 1233 4417; x_wconf 89' lang='lat' dir='ltr'>quod</span> <span class='ocrx_word' id='word_1_314' title='bbox 1268 4352 1518 4402; x_wconf 84' lang='lat' dir='ltr'>neminem</span> <span class='ocrx_word' id='word_1_315' title='bbox 1556 4367 1644 4401; x_wconf 89' lang='lat' dir='ltr'>uo-</span> 
     </span>
     <span class='ocr_line' id='line_1_46' title="bbox 492 4432 1647 4498; baseline -0.002 -15"><span class='ocrx_word' id='word_1_316' title='bbox 492 4433 639 4483; x_wconf 85' lang='lat' dir='ltr'>luerit</span> <span class='ocrx_word' id='word_1_317' title='bbox 672 4433 963 4484; x_wconf 82' lang='lat' dir='ltr'>necessitate</span> <span class='ocrx_word' id='word_1_318' title='bbox 992 4433 1115 4483; x_wconf 89' lang='lat' dir='ltr'>boni</span> <span class='ocrx_word' id='word_1_319' title='bbox 1146 4433 1333 4498; x_wconf 83' lang='lat' dir='ltr'>aliquid</span> <span class='ocrx_word' id='word_1_320' title='bbox 1368 4432 1544 4494; x_wconf 86' lang='lat' dir='ltr'>facere,</span> <span class='ocrx_word' id='word_1_321' title='bbox 1582 4450 1647 4484; x_wconf 86' lang='lat' dir='ltr'>ne</span> 
     </span>
    </p>
   </div>
   <div class='ocr_carea' id='block_1_16' title="bbox 1743 2885 2913 4415">
    <p class='ocr_par' dir='ltr' id='par_1_18' title="bbox 1745 2885 2354 2936">
     <span class='ocr_line' id='line_1_47' title="bbox 1745 2885 2354 2936; baseline 0.003 -2"><span class='ocrx_word' id='word_1_322' title='bbox 1745 2885 2024 2935; x_wconf 87' lang='lat' dir='ltr'>mercedem</span> <span class='ocrx_word' id='word_1_323' title='bbox 2047 2885 2354 2936; x_wconf 82' lang='lat' dir='ltr'>amitteret.’&#39;</span> 
     </span>
    </p>

    <p class='ocr_par' dir='ltr' id='par_1_19' title="bbox 1743 2965 2896 3112">
     <span class='ocr_line' id='line_1_48' title="bbox 1817 2965 2896 3031; baseline -0.002 -15"><span class='ocrx_word' id='word_1_324' title='bbox 1817 2977 1889 3028; x_wconf 85' lang='lat'>17.</span> <span class='ocrx_word' id='word_1_325' title='bbox 1949 2965 2148 3028; x_wconf 79' lang='lat' dir='ltr'>medere]</span> <span class='ocrx_word' id='word_1_326' title='bbox 2207 2967 2316 3031; x_wconf 92' lang='lat' dir='ltr'>1.q.</span> <span class='ocrx_word' id='word_1_327' title='bbox 2349 2967 2554 3016; x_wconf 85' lang='lat' dir='ltr'>mederi.</span> <span class='ocrx_word' id='word_1_328' title='bbox 2623 2967 2737 3016; x_wconf 90' lang='lat' dir='ltr'>The</span> <span class='ocrx_word' id='word_1_329' title='bbox 2768 2966 2896 3016; x_wconf 84' lang='lat' dir='ltr'>lexx.</span> 
     </span>
     <span class='ocr_line' id='line_1_49' title="bbox 1743 3048 2726 3112; baseline 0 -16"><span class='ocrx_word' id='word_1_330' title='bbox 1743 3048 1859 3112; x_wconf 84' lang='lat' dir='ltr'>give</span> <span class='ocrx_word' id='word_1_331' title='bbox 1881 3064 1948 3097; x_wconf 89' lang='lat' dir='ltr'>no</span> <span class='ocrx_word' id='word_1_332' title='bbox 1970 3048 2194 3098; x_wconf 87' lang='lat' dir='ltr'>instance</span> <span class='ocrx_word' id='word_1_333' title='bbox 2217 3050 2275 3098; x_wconf 87' lang='lat' dir='ltr'>of</span> <span class='ocrx_word' id='word_1_334' title='bbox 2290 3050 2376 3099; x_wconf 90' lang='lat' dir='ltr'>the</span> <span class='ocrx_word' id='word_1_335' title='bbox 2396 3050 2558 3099; x_wconf 84' lang='lat' dir='ltr'>active</span> <span class='ocrx_word' id='word_1_336' title='bbox 2580 3049 2726 3098; x_wconf 88' lang='lat' dir='ltr'>form.</span> 
     </span>
    </p>

    <p class='ocr_par' dir='ltr' id='par_1_20' title="bbox 1745 3129 2913 4091">
     <span class='ocr_line' id='line_1_50' title="bbox 1817 3129 2903 3194; baseline 0.001 -16"><span class='ocrx_word' id='word_1_337' title='bbox 1817 3130 1892 3178; x_wconf 89' lang='lat'>18.</span> <span class='ocrx_word' id='word_1_338' title='bbox 1939 3129 2130 3178; x_wconf 78' lang='lat' dir='ltr'>recessit</span> <span class='ocrx_word' id='word_1_339' title='bbox 2149 3129 2222 3178; x_wconf 84' lang='lat' dir='ltr'>ad</span> <span class='ocrx_word' id='word_1_340' title='bbox 2234 3131 2441 3194; x_wconf 82' lang='lat' dir='ltr'>tempus]</span> <span class='ocrx_word' id='word_1_341' title='bbox 2491 3130 2643 3180; x_wconf 81' lang='lat' dir='ltr'>Latin</span> <span class='ocrx_word' id='word_1_342' title='bbox 2664 3131 2903 3185; x_wconf 88' lang='lat' dir='ltr'>versions‚</span> 
     </span>
     <span class='ocr_line' id='line_1_51' title="bbox 1749 3206 2902 3273; baseline 0.003 -16"><span class='ocrx_word' id='word_1_343' title='bbox 1749 3207 2022 3258; x_wconf 88' lang='lat' dir='ltr'>“discessit</span> <span class='ocrx_word' id='word_1_344' title='bbox 2085 3206 2374 3272; x_wconf 85' lang='lat' dir='ltr'>(Ambrstr.,</span> <span class='ocrx_word' id='word_1_345' title='bbox 2449 3210 2704 3260; x_wconf 87' lang='lat' dir='ltr'>“secessit</span> <span class='ocrx_word' id='word_1_346' title='bbox 2723 3209 2772 3273; x_wconf 88' lang='lat'>”)</span> <span class='ocrx_word' id='word_1_347' title='bbox 2835 3211 2902 3260; x_wconf 86' lang='lat' dir='ltr'>ad</span> 
     </span>
     <span class='ocr_line' id='line_1_52' title="bbox 1745 3287 2906 3354; baseline 0.001 -16"><span class='ocrx_word' id='word_1_348' title='bbox 1745 3287 1989 3347; x_wconf 84' lang='lat' dir='ltr'>horam;”</span> <span class='ocrx_word' id='word_1_349' title='bbox 2029 3287 2116 3338; x_wconf 83' lang='lat' dir='ltr'>the</span> <span class='ocrx_word' id='word_1_350' title='bbox 2155 3289 2305 3354; x_wconf 83' lang='lat' dir='ltr'>Vulg.</span> <span class='ocrx_word' id='word_1_351' title='bbox 2351 3290 2478 3340; x_wconf 84' lang='lat' dir='ltr'>adds</span> <span class='ocrx_word' id='word_1_352' title='bbox 2525 3293 2606 3339; x_wconf 83' lang='lat' dir='ltr'>“a</span> <span class='ocrx_word' id='word_1_353' title='bbox 2629 3288 2729 3340; x_wconf 85' lang='lat' dir='ltr'>te.&#39;’</span> <span class='ocrx_word' id='word_1_354' title='bbox 2802 3290 2906 3339; x_wconf 90' lang='lat' dir='ltr'>For</span> 
     </span>
     <span class='ocr_line' id='line_1_53' title="bbox 1746 3370 2906 3434; baseline -0.002 -12"><span class='ocrx_word' id='word_1_355' title='bbox 1746 3387 1858 3422; x_wconf 83' lang='lat' dir='ltr'>eum</span> <span class='ocrx_word' id='word_1_356' title='bbox 1901 3371 2074 3420; x_wconf 80' lang='lat' dir='ltr'>habeas</span> <span class='ocrx_word' id='word_1_357' title='bbox 2117 3371 2204 3420; x_wconf 84' lang='lat' dir='ltr'>the</span> <span class='ocrx_word' id='word_1_358' title='bbox 2249 3371 2312 3422; x_wconf 93' lang='grc' dir='ltr'>Ο.</span> <span class='ocrx_word' id='word_1_359' title='bbox 2358 3371 2417 3420; x_wconf 93' lang='lat' dir='ltr'>L.</span> <span class='ocrx_word' id='word_1_360' title='bbox 2457 3371 2560 3420; x_wconf 81' lang='lat' dir='ltr'>and</span> <span class='ocrx_word' id='word_1_361' title='bbox 2597 3370 2750 3434; x_wconf 79' lang='lat' dir='ltr'>Vulg.</span> <span class='ocrx_word' id='word_1_362' title='bbox 2789 3371 2906 3434; x_wconf 84' lang='lat' dir='ltr'>give</span> 
     </span>
     <span class='ocr_line' id='line_1_54' title="bbox 1749 3450 2899 3516; baseline -0.001 -15"><span class='ocrx_word' id='word_1_363' title='bbox 1749 3453 1938 3502; x_wconf 85' lang='lat' dir='ltr'>“illurn</span> <span class='ocrx_word' id='word_1_364' title='bbox 1985 3452 2227 3516; x_wconf 87' lang='lat' dir='ltr'>reciperes</span> <span class='ocrx_word' id='word_1_365' title='bbox 2243 3451 2272 3475; x_wconf 92' lang='lat'><strong>”</strong></span> <span class='ocrx_word' id='word_1_366' title='bbox 2321 3453 2587 3514; x_wconf 74' lang='grc' dir='ltr'><strong>(ἁπέχῃς);</strong></span> <span class='ocrx_word' id='word_1_367' title='bbox 2629 3450 2690 3500; x_wconf 84' lang='lat' dir='ltr'>cf.</span> <span class='ocrx_word' id='word_1_368' title='bbox 2737 3453 2899 3514; x_wconf 83' lang='lat' dir='ltr'>infra,</span> 
     </span>
     <span class='ocr_line' id='line_1_55' title="bbox 1747 3533 2908 3597; baseline 0.002 -17"><span class='ocrx_word' id='word_1_369' title='bbox 1747 3549 1798 3597; x_wconf 91' lang='lat' dir='ltr'>p.</span> <span class='ocrx_word' id='word_1_370' title='bbox 1826 3537 1938 3589; x_wconf 81' lang='lat'>281,</span> <span class='ocrx_word' id='word_1_371' title='bbox 1963 3535 1994 3584; x_wconf 91' lang='lat' dir='ltr'>l.</span> <span class='ocrx_word' id='word_1_372' title='bbox 2026 3533 2074 3594; x_wconf 88' lang='lat'>6,</span> <span class='ocrx_word' id='word_1_373' title='bbox 2100 3542 2232 3586; x_wconf 87' lang='lat' dir='ltr'>note.</span> <span class='ocrx_word' id='word_1_374' title='bbox 2295 3535 2413 3584; x_wconf 82' lang='lat' dir='ltr'>Non</span> <span class='ocrx_word' id='word_1_375' title='bbox 2435 3547 2654 3593; x_wconf 76' lang='lat' dir='ltr'>semum,</span> <span class='ocrx_word' id='word_1_376' title='bbox 2682 3533 2773 3582; x_wconf 71' lang='grc' dir='ltr'>διο.</span> <span class='ocrx_word' id='word_1_377' title='bbox 2835 3533 2908 3584; x_wconf 86' lang='lat' dir='ltr'>Ut</span> 
     </span>
     <span class='ocr_line' id='line_1_56' title="bbox 1746 3614 2913 3681; baseline 0 -17"><span class='ocrx_word' id='word_1_378' title='bbox 1746 3615 1838 3664; x_wconf 86' lang='lat' dir='ltr'>has</span> <span class='ocrx_word' id='word_1_379' title='bbox 1861 3614 1990 3664; x_wconf 90' lang='lat' dir='ltr'>been</span> <span class='ocrx_word' id='word_1_380' title='bbox 2011 3615 2256 3681; x_wconf 88' lang='lat' dir='ltr'>dropped,</span> <span class='ocrx_word' id='word_1_381' title='bbox 2280 3615 2495 3681; x_wconf 82' lang='lat' dir='ltr'>perhaps</span> <span class='ocrx_word' id='word_1_382' title='bbox 2517 3614 2586 3678; x_wconf 88' lang='lat' dir='ltr'>by</span> <span class='ocrx_word' id='word_1_383' title='bbox 2607 3629 2673 3663; x_wconf 90' lang='lat' dir='ltr'>an</span> <span class='ocrx_word' id='word_1_384' title='bbox 2697 3629 2832 3663; x_wconf 88' lang='lat' dir='ltr'>error</span> <span class='ocrx_word' id='word_1_385' title='bbox 2853 3614 2913 3664; x_wconf 88' lang='lat' dir='ltr'>of</span> 
     </span>
     <span class='ocr_line' id='line_1_57' title="bbox 1748 3694 2908 3760; baseline -0.002 -15"><span class='ocrx_word' id='word_1_386' title='bbox 1748 3697 2116 3760; x_wconf 86' lang='lat' dir='ltr'>transcription.</span> <span class='ocrx_word' id='word_1_387' title='bbox 2203 3697 2304 3746; x_wconf 88' lang='lat' dir='ltr'>For</span> <span class='ocrx_word' id='word_1_388' title='bbox 2347 3703 2496 3760; x_wconf 81' lang='lat' dir='ltr'>super</span> <span class='ocrx_word' id='word_1_389' title='bbox 2537 3711 2578 3744; x_wconf 85' lang='lat' dir='ltr'>s.</span> <span class='ocrx_word' id='word_1_390' title='bbox 2626 3695 2710 3744; x_wconf 88' lang='lat' dir='ltr'>the</span> <span class='ocrx_word' id='word_1_391' title='bbox 2757 3694 2908 3744; x_wconf 86' lang='lat' dir='ltr'>Latin</span> 
     </span>
     <span class='ocr_line' id='line_1_58' title="bbox 1749 3777 2908 3848; baseline -0.004 -18"><span class='ocrx_word' id='word_1_392' title='bbox 1749 3781 1969 3832; x_wconf 83' lang='lat' dir='ltr'>versions</span> <span class='ocrx_word' id='word_1_393' title='bbox 2001 3781 2256 3848; x_wconf 84' lang='lat' dir='ltr'>generally</span> <span class='ocrx_word' id='word_1_394' title='bbox 2289 3779 2418 3829; x_wconf 82' lang='lat' dir='ltr'>have</span> <span class='ocrx_word' id='word_1_395' title='bbox 2449 3783 2480 3806; x_wconf 83' lang='lat'>‘⁸</span> <span class='ocrx_word' id='word_1_396' title='bbox 2499 3794 2591 3843; x_wconf 88' lang='lat' dir='ltr'>pro</span> <span class='ocrx_word' id='word_1_397' title='bbox 2625 3777 2826 3837; x_wconf 85' lang='lat' dir='ltr'>seru0‚”</span> <span class='ocrx_word' id='word_1_398' title='bbox 2853 3793 2908 3828; x_wconf 86' lang='lat' dir='ltr'>as</span> 
     </span>
     <span class='ocr_line' id='line_1_59' title="bbox 1748 3861 2905 3928; baseline -0.004 -16"><span class='ocrx_word' id='word_1_399' title='bbox 1748 3864 1793 3912; x_wconf 86' lang='lat' dir='ltr'>if</span> <span class='ocrx_word' id='word_1_400' title='bbox 1822 3865 1938 3928; x_wconf 89' lang='lat' dir='ltr'>they</span> <span class='ocrx_word' id='word_1_401' title='bbox 1969 3865 2074 3914; x_wconf 84' lang='lat' dir='ltr'>had</span> <span class='ocrx_word' id='word_1_402' title='bbox 2106 3865 2226 3914; x_wconf 80' lang='lat' dir='ltr'>read</span> <span class='ocrx_word' id='word_1_403' title='bbox 2260 3863 2384 3925; x_wconf 72' lang='grc' dir='ltr'><strong><em>ὑπὲρ</em></strong></span> <span class='ocrx_word' id='word_1_404' title='bbox 2430 3862 2617 3910; x_wconf 85' lang='grc' dir='ltr'><strong>δούλου.</strong></span> <span class='ocrx_word' id='word_1_405' title='bbox 2687 3861 2905 3924; x_wconf 89' lang='lat' dir='ltr'>Jerome,</span> 
     </span>
     <span class='ocr_line' id='line_1_60' title="bbox 1748 3940 2910 4008; baseline -0.004 -15"><span class='ocrx_word' id='word_1_406' title='bbox 1748 3944 1994 4004; x_wconf 83' lang='lat' dir='ltr'>however,</span> <span class='ocrx_word' id='word_1_407' title='bbox 2045 3944 2279 3994; x_wconf 83' lang='lat' dir='ltr'>followed</span> <span class='ocrx_word' id='word_1_408' title='bbox 2321 3944 2390 4008; x_wconf 94' lang='lat' dir='ltr'>by</span> <span class='ocrx_word' id='word_1_409' title='bbox 2433 3945 2572 4003; x_wconf 68' lang='lat' dir='ltr'>Am„</span> <span class='ocrx_word' id='word_1_410' title='bbox 2619 3940 2910 3992; x_wconf 85' lang='lat' dir='ltr'>substitutes</span> 
     </span>
     <span class='ocr_line' id='line_1_61' title="bbox 1751 4025 2127 4091; baseline 0 -17"><span class='ocrx_word' id='word_1_411' title='bbox 1751 4027 1910 4091; x_wconf 89' lang='lat' dir='ltr'>“plus</span> <span class='ocrx_word' id='word_1_412' title='bbox 1931 4025 2127 4076; x_wconf 89' lang='lat' dir='ltr'>seru0.&#39;’</span> 
     </span>
    </p>

    <p class='ocr_par' dir='ltr' id='par_1_21' title="bbox 1747 4104 2908 4328">
     <span class='ocr_line' id='line_1_62' title="bbox 1815 4104 2908 4173; baseline -0.005 -15"><span class='ocrx_word' id='word_1_413' title='bbox 1815 4125 1894 4158; x_wconf 64' lang='grc' dir='ltr'>το.</span> <span class='ocrx_word' id='word_1_414' title='bbox 1951 4111 2153 4158; x_wconf 79' lang='lat' dir='ltr'>euidens</span> <span class='ocrx_word' id='word_1_415' title='bbox 2189 4115 2258 4158; x_wconf 85' lang='lat' dir='ltr'>est</span> <span class='ocrx_word' id='word_1_416' title='bbox 2293 4107 2544 4173; x_wconf 81' lang='lat' dir='ltr'>quoniam,</span> <span class='ocrx_word' id='word_1_417' title='bbox 2586 4104 2703 4167; x_wconf 84' lang='lat' dir='ltr'>&amp;c.]</span> <span class='ocrx_word' id='word_1_418' title='bbox 2776 4105 2908 4154; x_wconf 88' lang='lat' dir='ltr'>Lan·</span> 
     </span>
     <span class='ocr_line' id='line_1_63' title="bbox 1747 4185 2907 4254; baseline -0.003 -16"><span class='ocrx_word' id='word_1_419' title='bbox 1747 4189 1899 4250; x_wconf 84' lang='lat' dir='ltr'>franc,</span> <span class='ocrx_word' id='word_1_420' title='bbox 1941 4189 2110 4254; x_wconf 86' lang='lat' dir='ltr'>freely,</span> <span class='ocrx_word' id='word_1_421' title='bbox 2152 4190 2339 4254; x_wconf 90' lang='lat' dir='ltr'>ending</span> <span class='ocrx_word' id='word_1_422' title='bbox 2375 4188 2558 4238; x_wconf 89' lang='lat' dir='ltr'>“unde</span> <span class='ocrx_word' id='word_1_423' title='bbox 2595 4202 2687 4237; x_wconf 86' lang='lat' dir='ltr'>nec</span> <span class='ocrx_word' id='word_1_424' title='bbox 2730 4185 2907 4236; x_wconf 86' lang='lat' dir='ltr'>defini-</span> 
     </span>
     <span class='ocr_line' id='line_1_64' title="bbox 1747 4266 2554 4328; baseline -0.002 -10"><span class='ocrx_word' id='word_1_425' title='bbox 1747 4270 1864 4328; x_wconf 83' lang='lat' dir='ltr'>tiue,</span> <span class='ocrx_word' id='word_1_426' title='bbox 1893 4269 1982 4318; x_wconf 87' lang='lat' dir='ltr'>sed</span> <span class='ocrx_word' id='word_1_427' title='bbox 2005 4269 2284 4318; x_wconf 84' lang='lat' dir='ltr'>dubitatiue</span> <span class='ocrx_word' id='word_1_428' title='bbox 2306 4266 2484 4319; x_wconf 84' lang='lat' dir='ltr'>dixit.”</span> <span class='ocrx_word' id='word_1_429' title='bbox 2549 4285 2554 4290; x_wconf 92' lang='lat'><strong>·</strong></span> 
     </span>
    </p>

    <p class='ocr_par' dir='ltr' id='par_1_22' title="bbox 1813 4350 2908 4415">
     <span class='ocr_line' id='line_1_65' title="bbox 1813 4350 2908 4415; baseline -0.003 -16"><span class='ocrx_word' id='word_1_430' title='bbox 1813 4353 1868 4400; x_wconf 84' lang='lat' dir='ltr'>in</span> <span class='ocrx_word' id='word_1_431' title='bbox 1893 4353 2029 4415; x_wconf 73' lang='lat' dir='ltr'>stega</span> <span class='ocrx_word' id='word_1_432' title='bbox 2067 4369 2240 4401; x_wconf 81' lang='lat' dir='ltr'>uersus</span> <span class='ocrx_word' id='word_1_433' title='bbox 2273 4359 2358 4408; x_wconf 89' lang='lat' dir='ltr'>est,</span> <span class='ocrx_word' id='word_1_434' title='bbox 2397 4351 2513 4412; x_wconf 63' lang='grc' dir='ltr'>δια]</span> <span class='ocrx_word' id='word_1_435' title='bbox 2573 4350 2752 4400; x_wconf 79' lang='lat' dir='ltr'>Thdt.:</span> <span class='ocrx_word' id='word_1_436' title='bbox 2787 4351 2908 4409; x_wconf 77' lang='grc' dir='ltr'><strong>ἀγα.-</strong></span> 
     </span>
    </p>
   </div>
   <div class='ocr_carea' id='block_1_17' title="bbox 1751 4430 2906 4496">
    <p class='ocr_par' dir='ltr' id='par_1_23' title="bbox 1751 4430 2906 4496">
     <span class='ocr_line' id='line_1_66' title="bbox 1751 4430 2906 4496; baseline -0.005 -12"><span class='ocrx_word' id='word_1_437' title='bbox 1751 4431 1844 4484; x_wconf 60' lang='lat' dir='ltr'>ocu·</span> <span class='ocrx_word' id='word_1_438' title='bbox 1881 4431 2021 4495; x_wconf 76' lang='grc' dir='ltr'>αὐτῷ,</span> <span class='ocrx_word' id='word_1_439' title='bbox 2061 4435 2222 4496; x_wconf 77' lang='grc' dir='ltr'><strong><em>φησίν,</em></strong></span> <span class='ocrx_word' id='word_1_440' title='bbox 2263 4434 2392 4482; x_wconf 78' lang='grc' dir='ltr'>αἰτία</span> <span class='ocrx_word' id='word_1_441' title='bbox 2437 4434 2642 4496; x_wconf 71' lang='grc' dir='ltr'>γέγονεν</span> <span class='ocrx_word' id='word_1_442' title='bbox 2687 4430 2719 4490; x_wconf 79' lang='grc' dir='ltr'><strong>ἡ</strong></span> <span class='ocrx_word' id='word_1_443' title='bbox 2751 4431 2906 4492; x_wconf 80' lang='grc' dir='ltr'><strong><em>φυγή.</em></strong></span> 
     </span>
    </p>
   </div>
  </div>
 </body>
</html>
