3250 5025
483 316 561 378 16
1141 328 1596 379 THEODORUS
1648 328 2233 381 MOPSUESTENUS
2474 316 2593 400 [II.
2633 321 2907 383 18—20.

471 517 669 581 super
715 501 940 564 omnia
993 510 1218 564 autem
1271 501 1452 583 quod
1495 510 1917 583 segregatum
1972 522 2045 565 se
2084 503 2181 566 ad
2219 502 2437 566 instar
2472 502 2906 585 orphanorum

471 600 664 677 dixit,
695 601 980 665 multum
1014 622 1205 665 suum
1239 602 1552 665 affectum
1587 604 1895 667 ostendit.
1968 614 2035 667 et
2065 604 2335 687 quidem
2364 606 2429 667 in
2456 604 2903 687 superioribus

470 703 739 767 dixerat
786 706 1104 786 quoniam
1153 705 1360 768 ‘sicut
1406 714 1600 787 pater
1650 726 2197 790 unumquemque
2244 717 2544 772 uestrum
2599 707 2903 771 obsecra·

470 805 627 868 bam
653 807 697 885 ;'
744 808 861 870 sed
909 808 999 871 ibi
1042 808 1313 891 quidem
1358 817 1638 891 patema
1680 809 1905 891 imago
1946 818 2181 892 aptata
2226 830 2371 874 esse
2414 810 2783 885 uidebatur,
2833 810 2899 872 in

405 912 849 980 §absentium
900 935 1060 976 uero
1109 913 1556 996 exquisitione
1609 911 1775 975 illud
1825 914 2005 995 quod
2070 915 2338 978 dixerat
2396 923 2780 995 separatum
2830 934 2902 975 se

467 1013 564 1075 ad
601 1014 820 1078 instar
865 1016 1315 1097 orphanorum.
1421 1036 1575 1079 narn
1639 1014 2021 1079 huiusmodi
2076 1015 2181 1080 uel
2236 1018 2535 1079 maxime
2591 1015 2900 1079 absentia

469 1118 671 1180 etiam
705 1118 790 1181 ab
823 1120 969 1201 ipsa
1001 1122 1397 1184 necessitate
1428 1129 1783 1193 coartatur,
1818 1129 1892 1183 ut
1934 1130 2191 1203 patrem
2226 1119 2343 1183 filii
2386 1120 2737 1204 requirant.
2829 1118 2931 1181 et'

466 1240 641 1302 quae
673 1231 775 1284 est
803 1223 998 1286 huius
1029 1224 1606 1306 concupiscentiae
1639 1224 1945 1305 probatio
1972 1225 1996 1287 ?

580 1375 848 1449 propter
873 1366 1047 1449 quod
1068 1367 1394 1430 noluimus
1422 1368 1643 1430 uenire
1671 1367 1767 1429 ad
1789 1388 1913 1431 uos,

362 1502 442 1550 10
596 1504 664 1559 et
695 1495 852 1579 quia
883 1495 1058 1557 dixit
1089 1494 1426 1572 noluimus,
1460 1493 1807 1576 pluraliter
1835 1496 1922 1559 de
1954 1516 2025 1558 se
2058 1494 2306 1571 dicenS,
2337 1494 2616 1560 adiecit:

595 1651 706 1713 ego
733 1628 990 1712 quidem
1019 1630 1280 1693 Paulus
1305 1640 1368 1693 et
1392 1629 1590 1691 semel
1611 1639 1676 1691 et
1702 1627 1820 1692 bis.

599 1752 668 1806 et
697 1741 855 1824 quid
889 1740 1197 1804 obstitit?

596 1873 714 1937 sed
739 1874 1076 1956 impedz'uz't
1102 1895 1216 1937 nos
1247 1874 1556 1939 Satanas.

597 1983 732 2067 †eo
755 1984 934 2066 quod
961 1993 1149 2047 erant
1173 1985 1534 2048 adiuuandi
1559 1984 2187 2048 Thessalonicenses
2211 2005 2299 2048 ex
2326 1986 2465 2049 eius
2489 1989 2896 2070 praesentia;

285 2078 294 2086 ⁶
363 2100 432 2167 15
468 2105 624 2168 ergo
697 2085 1061 2148 necessarie
1120 2106 1387 2149 omnem
1449 2086 1877 2159 nociuitatem
1957 2088 2249 2153 Satanae
2322 2086 2740 2172 adscripsit*
2829 2099 2897 2153 et

467 2190 784 2273 quoniam
818 2208 950 2252 non
986 2208 1156 2252 uane
1187 2188 1253 2251 in
1285 2209 1514 2254 eorum
1545 2190 1901 2254 haberetur
1931 2190 2172 2255 affectu
2206 2193 2505 2257 ostendit
2535 2218 2549 2257 :

595 2337 756 2398 quae
804 2326 900 2379 est
934 2316 1106 2379 enim
1152 2327 1289 2398 spes
1327 2327 1551 2381 nostra
1590 2328 1710 2381 aut
1737 2317 2066 2400 gaudium
2080 2314 2219 2382 'aut
2254 2340 2485 2383 corona
2503 2319 2897 2402 gloriandi?

467 2438 672 2480 nonne
699 2438 814 2480 uos
840 2438 1055 2480 coram
1087 2418 1342 2481 domini
1369 2418 1583 2482 nostri
1605 2420 1760 2482 Iesu
1796 2418 2050 2485 Christi
2073 2421 2230 2485 estis
2259 2421 2330 2484 in
2377 2422 2515 2485 eius
2555 2422 2840 2486 aduentu
2862 2422 2897 2485 ?

465 2544 579 2587 uos
605 2523 778 2586 enim
805 2523 958 2586 estis
976 2523 1196 2606 gloria
1227 2533 1446 2587 nostra
1475 2534 1537 2586 et
1552 2522 1895 2605 gaudium.

2970 2625 2994 2647 κ
3010 2617 3027 2645 x

356 2709 441 2757 20
598 2682 692 2765 τῷ
737 2676 1006 2760 μέλλειν
1047 2675 1448 2762 ὠφελεῖσθαι
1493 2679 2023 2746 Θεσσαλονικέως
2072 2677 2205 2744 ἀπὸ
2248 2681 2364 2757 τῆς
2402 2677 2602 2743 αὐτοῦ
2648 2704 2891 2765 παρου-
2952 2664 2999 2777 3

467 2779 631 2852 σίας·
692 2779 777 2851 ὥς
825 2779 906 2845 ἂν
951 2777 1317 2874 ἀναγκαία-ις
1360 2782 1650 2846 πάντων*
1687 2784 1815 2847 τῶν
1864 2781 2226 2869 βλαβερῶν
2277 2777 2751 2864 ἀνατιθεμένων
2797 2785 2892 2868 τῷ

469 2883 753 2972 Σατανᾷ.

572 3020 591 3053 1
630 3009 796 3053 autem
817 3017 896 3051 om
917 3019 950 3051 r
975 2999 982 3064 Ι
1013 3017 1066 3051 se
1086 3017 1165 3050 om
1190 3017 1222 3049 r
1399 3012 1426 3063 5
1461 3002 1657 3051 absenti
1686 3001 1850 3050 CHr
2025 2999 2056 3050 6
2090 3001 2157 3051 ab
2181 2999 2298 3066 (for
2314 3000 2397 3066 ad)
2428 3001 2505 3052 C*
2524 3003 2591 3052 H
2760 3014 2787 3066 7
2822 3003 2885 3053 ad

469 3085 586 3149 (jbr
625 3085 710 3145 ab)
762 3082 839 3133 C*
918 3083 985 3132 ad
1029 3082 1190 3146 ipsam
1234 3081 1577 3131 necessitatem
1624 3097 1657 3129 r
1683 3080 1691 3143 Ε
1719 3089 2005 3132 coartantur
2053 3083 2097 3131 C
2134 3079 2278 3146 (corr)
2489 3097 2550 3133 10
2597 3083 2750 3132 adicit
2799 3084 2842 3132 C
2861 3100 2892 3130 r

474 3168 533 3215 18
565 3181 750 3215 corona
773 3165 887 3229 (for
906 3164 1094 3223 coram)
1124 3163 1246 3213 CH
1263 3161 1270 3226 Ι
1303 3163 1489 3213 Christi
1519 3163 1639 3212 estis
1668 3179 1745 3211 om
1776 3164 1819 3212 C
2036 3176 2103 3212 πο
2124 3177 2199 3227 sq.
2235 3161 2391 3212 Coisl.
2416 3175 2528 3224 204,
2552 3162 2585 3212 f.
2617 3161 2752 3212 1662
2774 3163 2882 3225 [Cr.

467 3248 534 3298 vi.
565 3248 682 3310 352]
706 3245 956 3308 θεοδώρου.
1013 3241 1084 3307 τῷ
1103 3245 1317 3305 μέλλειν,
1345 3247 1496 3294 κ.τ.λ.

536 3379 578 3412 2.
653 3362 710 3410 in
765 3367 874 3424 sup.
922 3359 1132 3416 dixerat,
1186 3357 1300 3420 &c.]
1367 3358 1449 3409 Cf.
1497 3359 1621 3410 Oec.

469 3445 615 3510 (aster
645 3441 878 3508 Chry8.):
927 3439 1026 3491 ἅνω
1060 3442 1193 3489 εἶπεν
1227 3443 1304 3490 ὅτι
1343 3441 1428 3492 ‘das
1461 3441 1626 3503 πατὴρ

1798 3372 1874 3408 10.
1932 3358 2227 3422 pluraliter]
2294 3355 2637 3417 πληθυντικῶς.

1797 3455 1873 3501 14.
1941 3454 1992 3487 eo
2024 3440 2165 3502 quod,
2216 3437 2329 3502 &c.]
2395 3438 2523 3488 This
2560 3447 2793 3490 sentence
2830 3457 2886 3490 as

466 3529 645 3577 τέκνοις
677 3521 1031 3587 συνεγενόμην·’
1071 3525 1155 3572 νῦν
1185 3523 1246 3572 ὡς
1277 3524 1444 3572 τέκνον
1475 3524 1622 3572 πατέ-

465 3625 552 3673 ρας
573 3604 742 3671 &sip-ei.

533 3710 583 3754 4.
650 3691 710 3738 in
743 3687 1018 3737 absentium
1054 3703 1107 3736 u.
1130 3683 1472 3750 exquisitione]
1529 3684 1626 3734 See

468 3791 546 3825 vv,
577 3774 656 3834 11.;
687 3771 775 3821 the
803 3771 926 3820 final
947 3776 984 3819 ᾶ
1005 3769 1064 3820 of
1088 3767 1360 3819 absentium
1383 3767 1475 3817 has
1495 3767 1626 3818 been

467 3856 616 3920 dropt
659 3853 831 3903 before
875 3867 1006 3902 uera.
1093 3851 1193 3900 For
1242 3849 1500 3914 exquisitio
1541 3863 1624 3898 see

469 3936 695 3987 Paucker
735 3934 851 3999 spic.
901 3934 1016 3982 add.
1061 3933 1192 3982 lexx.
1235 3932 1340 3988 lat„
1387 3945 1475 3996 pp.
1509 3942 1620 3992 270,

471 4035 592 4086 2923
627 4019 729 4068 like
759 4033 817 4066 so
847 4031 998 4080 many
1019 4014 1078 4063 of
1107 4013 1191 4062 the
1221 4026 1355 4062 rarer
1382 4011 1546 4060 words
1570 4010 1633 4060 of

467 4103 566 4153 this
597 4099 904 4158 translation,
939 4113 1046 4161 exq.
1074 4109 1234 4144 seems
1263 4101 1317 4143 to
1337 4093 1466 4142 have
1495 4093 1622 4142 been

469 4183 648 4248 chiefly
689 4181 812 4232 used
855 4180 924 4242 by
965 4177 1051 4227 the
1092 4175 1280 4240 jun‘sts.
1351 4176 1626 4225 Coartatur

469 4263 626 4327 (dep.)
640 4279 684 4301 ε
695 4257 844 4322 cogit.
875 4255 1345 4320 Concupiscmtt'cze:
1357 4255 1621 4313 ἐπιθυμίας.

469 4345 530 4394 In
554 4343 640 4392 the
661 4348 764 4391 text
788 4340 974 4402 (supra,
1002 4353 1054 4401 p.
1085 4348 1158 4399 15,
1186 4335 1218 4385 l.
1253 4337 1334 4398 π)
1357 4335 1442 4386 the
1466 4342 1620 4386 trans·

467 4425 594 4474 lator
615 4422 716 4472 had
739 4419 972 4470 followed
995 4417 1078 4467 the
1105 4417 1250 4467 Latin
1274 4417 1510 4468 versions.

1725 3521 1755 3570 1
1797 3519 1991 3570 believe
2034 3520 2300 3584 originally
2342 3536 2461 3569 ran:
2523 3523 2884 3586 “negotiorum

1724 3603 2088 3667 impedimenta
2124 3603 2341 3653 Satanae
2380 3619 2488 3652 esse
2526 3604 2886 3668 impedimenta

1726 3685 1913 3745 dicem,
1932 3700 1993 3734 eo
2016 3683 2203 3750 quod,”
2218 3686 2307 3735 ἃς.
2351 3686 2447 3736 See
2468 3692 2585 3735 note
2601 3694 2653 3736 to
2674 3702 2720 3736 c.
2744 3686 2811 3736 iii.
2836 3703 2883 3747 ⁴-

1798 3777 1873 3828 17.
1934 3765 2219 3830 gloriandi]
2278 3765 2558 3828 καυχήσεως
2580 3767 2665 3828 (Ο.
2696 3770 2758 3820 L.
2782 3772 2883 3820 and

1725 3849 1880 3914 Vulg.
1917 3850 2017 3899 less
2049 3850 2261 3914 exacssy,
2297 3851 2527 3915 “gloriae
2546 3851 2615 3914 ”).
2689 3853 2882 3904 Corona

1728 3930 1829 3993 (see
1870 3947 1950 3980 vv.
2002 3929 2080 3994 11.)
2126 3931 2167 3979 is
2210 3931 2390 3981 almost
2435 3933 2672 3998 certainly
2710 3951 2742 3984 a
2780 3949 2882 3984 cor-

1725 4009 1913 4060 rection
1940 4009 2017 4060 for
2045 4025 2225 4071 coram,
2253 4010 2417 4060 which
2442 4013 2468 4061 I
2492 4013 2620 4063 have
2642 4015 2883 4065 ventured

1724 4097 1779 4140 to
1817 4090 2043 4155 replace;
2091 4091 2177 4142 the
2222 4092 2440 4156 genitive
2482 4094 2650 4143 which
2688 4094 2883 4145 follows

1724 4177 1903 4227 misled
1932 4177 2019 4227 the
2056 4175 2290 4241 copyists.
2361 4176 2463 4226 For
2496 4193 2661 4228 coram
2691 4177 2886 4229 donu‘ni

1724 4260 2016 4322 (ἔμπροσθεν
2058 4258 2137 4320 [=
2157 4257 2391 4320 ἐναντίον]
2435 4260 2521 4307 τοῦ
2574 4260 2753 4324 κυρίου)
2800 4277 2882 4312 see

1726 4335 1949 4395 Ronsch,
1966 4337 2115 4396 Itala,
2144 4351 2193 4402 p.
2219 4352 2332 4400 44²·
2390 4337 2667 4388 Tertullian
2684 4341 2757 4389 ad
2766 4340 2815 4388 h.
2840 4342 2872 4389 l.

1721 4419 1813 4469 has
1843 4420 1878 4444 “
1890 4435 2058 4468 coram
2082 4418 2354 4468 Domin0.”
