3250 5025
1016 358 1099 407 IN
1148 358 1251 410 ΕΡ.
1300 358 1403 409 An
1451 356 1975 409 PHILEMONEM.
2599 348 2716 411 261

301 521 535 603 quales
563 544 709 587 esse
754 534 1063 606 oporteat
1105 548 1219 590 eos
1263 529 1378 610 qui
1420 528 1739 593 ecclesiae
1774 538 2031 612 partem
2081 529 2358 611 implere
2391 530 2722 608 uidentur,

300 625 587 688 edocens
640 637 716 690 ut
762 627 873 691 illa
922 639 1127 711 agant
1183 651 1356 712 quae
1392 632 1501 713 agi
1550 633 1806 695 decent.
1897 641 1966 695 et
2014 632 2258 696 uiduae
2306 634 2577 715 quidem
2623 637 2722 700 in-

299 739 658 805 struuntur,
714 732 985 812 quando
1047 732 1161 795 illa
1219 754 1393 814 quae
1466 735 1551 796 de
1611 735 1830 797 uiduis
1891 736 2136 816 scripta
2195 744 2362 799 sunt.
2405 722 2725 817 audiunt3

299 832 541 895 diuites
574 852 749 909 uero,
784 834 1055 916 quando
1086 834 1200 897 illa
1230 855 1404 916 quae
1431 837 1517 900 de
1558 837 1880 901 diuitibus
1921 838 2167 920 scripta
2207 848 2380 917 sunt,
2415 849 2484 904 et
2519 845 2720 908 ceteri

300 957 533 1000 omnes
586 935 905 1001 similiter.

428 1053 602 1121 quae
661 1048 765 1102 est
826 1059 985 1122 ergo
1046 1040 1299 1103 utilitas
1364 1042 1567 1103 etiam
1629 1040 1824 1105 huius
1893 1043 2261 1125 epistolae?
2335 1054 2410 1108 ut
2485 1068 2718 1111 omnes

296 1147 411 1229 qui
466 1147 531 1209 in
593 1144 1037 1209 ecclesiastica
1083 1143 1416 1207 habentur
1462 1143 1818 1217 functione,
1871 1147 2167 1209 maxime
2219 1146 2312 1209 illi
2366 1150 2478 1229 qui
2530 1170 2718 1230 prae-

296 1270 441 1312 esse
486 1250 777 1312 ecclesiis
822 1250 1151 1325 uidentur,
1192 1258 1267 1311 ut
1305 1249 1518 1311 sciant
1556 1248 2128 1330 quemadmodum
2176 1260 2483 1333 oporteat
2521 1272 2718 1334 agere

296 1372 447 1416 cum
506 1352 633 1416 illis
685 1354 801 1435 qui
854 1354 1047 1416 nobis
1099 1353 1231 1416 fide
1286 1354 1491 1415 iuncti
1544 1362 1717 1429 sunt,
1780 1354 2052 1434 quando
2110 1352 2219 1416 uel
2283 1356 2580 1419 maxime
2629 1358 2716 1421 de

296 1456 583 1537 negotiis
635 1456 761 1518 illis
810 1457 1030 1537 agitur
1088 1477 1261 1539 quae
1323 1457 1405 1518 ad
1464 1454 1613 1518 illos
1677 1457 1940 1536 proprie
1996 1457 2326 1537 pertinere
2385 1459 2709 1523 uidentur.

294 1579 577 1641 quorum
640 1559 997 1622 utilitatem
1074 1568 1233 1622 tunc
1311 1560 1607 1621 maxime
1683 1560 1832 1639 quis
1892 1559 2137 1639 poterit
2199 1562 2584 1642 perspicere,
2658 1564 2713 1627 si

294 1663 660 1744 respexerit
692 1662 804 1725 illa
835 1683 1007 1744 quae
1041 1664 1281 1725 nostris
1324 1663 1738 1744 temporibus
1780 1683 1820 1724 a
1853 1662 2079 1725 multis
2111 1675 2446 1745 geruntur.
2536 1684 2711 1728 nunc

290 1775 535 1839 autem,
584 1767 752 1830 sicut
796 1777 1155 1830 structores
1200 1768 1505 1830 utilitatis
1550 1766 1830 1830 aliorum
1877 1768 2238 1841 constituti,
2286 1787 2712 1831 commonere

288 1868 597 1933 uolumus
647 1891 763 1933 eos
815 1873 929 1952 qui
985 1872 1177 1935 nobis
1224 1871 1355 1934 fide
1417 1873 1621 1934 iuncti
1677 1880 1854 1947 sunt,
1907 1872 1992 1933 de
2052 1871 2296 1953 quibus
2355 1870 2712 1932 conuenire

290 1983 556 2056 oportet
614 1994 767 2035 cum
828 1994 908 2036 eo
963 1974 1270 2036 instituto
1328 1994 1479 2036 cum
1542 1994 1678 2055 quo
1741 1974 1983 2036 Paulus
2046 1975 2191 2036 uult
2243 1992 2508 2035 summa
2555 1992 2708 2035 cum

290 2076 748 2139 obsecratione
800 2096 917 2138 eos
966 2077 1337 2138 conuenire.
1429 2076 1546 2138 sed
1607 2076 1886 2157 quidam
1940 2076 2128 2157 quasi
2174 2076 2430 2138 domini
2476 2097 2708 2141 eorum

292 2180 405 2261 qui
460 2180 653 2241 nobis
713 2178 845 2241 fide
899 2181 1103 2243 iuncti
1165 2188 1321 2242 sunt
1380 2180 1474 2242 sic
1534 2180 1912 2262 praecipere
1965 2178 2095 2241 illis
2155 2178 2414 2255 uolunt,
2465 2180 2588 2242 etsi
2643 2189 2712 2243 et

292 2287 377 2349 de
417 2285 545 2348 illis
585 2283 944 2365 loquantur
972 2284 1059 2347 de
1088 2283 1329 2365 quibus
1372 2282 1519 2345 illos
1550 2282 1862 2345 dominos
1892 2302 2036 2345 esse
2068 2302 2169 2344 res
2201 2284 2346 2363 ipsa
2376 2282 2668 2345 ostendit
2693 2303 2709 2361 3

388 2481 421 2533 6
453 2482 577 2534 haec
602 2483 715 2550 (sor
733 2484 883 2548 quae)
912 2484 957 2534 C
978 2484 1127 2546 (corr)
1152 2500 1185 2533 r
1577 2500 1636 2549 13
1671 2484 1926 2534 strictores
1950 2485 1992 2534 C
2001 2482 2030 2509 ⁴*
2097 2484 2420 2535 instructores
2445 2484 2490 2535 C
2511 2482 2657 2550 (corr)
2680 2501 2713 2534 r

290 2562 528 2613 fructores
550 2565 617 2612 H
634 2563 643 2628 Ι
674 2564 913 2614 utilitates
934 2565 1003 2614 H
1202 2581 1261 2629 14
1296 2565 1527 2615 nolemus
1546 2582 1579 2613 r
1789 2563 1847 2614 16
1881 2565 1969 2614 sed
1993 2565 2457 2630 quidam...peragit
2484 2567 2565 2630 (p.
2593 2563 2704 2624 262,

288 2651 323 2699 l.
360 2651 437 2710 18)
461 2665 539 2698 om
562 2645 625 2710 νΙ
655 2648 860 2713 quidem
884 2648 1000 2712 (fhr
1020 2648 1246 2712 quidam)
1276 2649 1325 2697 C
1338 2648 1405 2697 H
1645 2657 1700 2709 ¹⁷
1735 2655 1790 2697 ut
1825 2647 1917 2697 etsi
1950 2655 2000 2696 et
2035 2647 2136 2696 iuis
2165 2647 2208 2695 C
2226 2648 2293 2697 H
2307 2648 2455 2708 (cor-r)
2537 2656 2592 2696 ut
2615 2646 2709 2696 etsi

290 2732 383 2780 etsi
406 2730 505 2781 illis
528 2731 593 2780 H
603 2729 631 2756 ⁴*

1542 2909 1647 2943 non
1681 2891 1948 2943 docendi.”
2015 2893 2229 2956 Chrys-2
2272 2893 2396 2942 τινές
2431 2898 2581 2954 φασιν
2617 2910 2703 2941 πε-

1544 2974 1708 3037 ριττὸν
1749 2975 1870 3022 εἶναι
1914 2975 1970 3022 τὸ
2028 2977 2107 3022 καὶ
2163 2970 2344 3033 ταύτην
2386 2975 2705 3035 προσκεῖσθαι

356 2892 405 2944 6.
462 2911 586 2958 quae
614 2899 684 2942 est
714 2909 825 2958 ergo
864 2894 1079 2954 utililas,
1110 2893 1227 2955 &c.]
1293 2893 1444 2942 From

288 2985 669 3042 contemporary
708 2977 1089 3026 commentaries
1142 2977 1179 3026 it
1234 2993 1446 3042 appears

290 3061 399 3108 that
430 3061 515 3109 the
548 3059 896 3123 genuineneSS,
928 3076 984 3108 or
1018 3066 1068 3108 at
1100 3075 1197 3124 any
1220 3065 1327 3110 rate
1360 3060 1446 3109 the

286 3140 600 3205 inspiration‚
629 3140 687 3188 of
707 3141 805 3189 this
829 3141 1027 3204 Epistle
1048 3155 1151 3188 was
1172 3141 1225 3189 in
1250 3141 1335 3189 the
1358 3141 1445 3202 4th

288 3228 493 3286 century
560 3221 843 3284 vigorously
906 3220 1157 3280 attacked,
1223 3236 1291 3269 on
1360 3221 1447 3268 the

287 3304 481 3367 ground
504 3303 612 3352 that
635 3303 719 3352 the
742 3303 1137 3366 subject-matter
1153 3319 1255 3351 was
1278 3302 1443 3351 trivial

286 3386 385 3434 and
404 3385 668 3448 unworthy
683 3385 819 3434 osan
843 3385 1063 3448 inspired
1084 3385 1238 3432 book.
1276 3385 1444 3432 “This

286 3466 433 3516 letter
446 3467 619 3528 taught
644 3467 779 3514 them
798 3467 1010 3530 nothing
1024 3467 1177 3514 about
1189 3466 1444 3530 questions

286 3547 346 3596 of
368 3547 670 3610 theological
687 3547 908 3605 interest,
926 3547 1139 3610 nothing
1152 3547 1305 3596 about
1320 3555 1445 3594 mat-

286 3637 385 3678 ters
401 3628 457 3677 os
472 3628 827 3678 ecclesiastical
842 3628 1127 3691 discipline;
1163 3628 1263 3676 and
1280 3629 1441 3676 there·

284 3711 391 3763 sore
414 3711 531 3773 they
554 3710 718 3759 would
743 3711 871 3758 have
894 3725 1025 3758 none
1047 3709 1106 3758 os
1128 3709 1165 3758 it
1180 3708 1210 3730 ’'
1245 3710 1439 3773 (Light-

285 3791 406 3851 soot,
446 3809 496 3855 p.
542 3793 674 3855 382).
744 3791 823 3840 Cf.
863 3792 1043 3841 Hier-‚2
1092 3791 1229 3854 “qui
1263 3791 1438 3840 nolunt

286 3875 413 3923 inter
452 3874 687 3937 epistolas
724 3873 867 3922 Pauli
902 3887 1013 3921 eam
1058 3872 1277 3936 recipere
1310 3887 1439 3936 quae

284 3956 349 4004 ad
414 3955 761 4004 Philemonem
822 3955 1069 4014 scribitur,
1134 3955 1273 4003 aiunt
1336 3970 1437 4002 non

282 4051 481 4098 semper
510 4035 793 4099 apostolum
825 4050 917 4084 nec
946 4034 1117 4083 omnia
1150 4034 1353 4084 Christo
1386 4034 1437 4082 in

282 4134 336 4167 se
358 4119 595 4181 loquente
616 4115 1039 4166 dixisse...uolunt
1064 4123 1147 4165 aut
1174 4115 1437 4179 epistolam

284 4215 383 4248 non
422 4215 528 4248 esse
562 4198 855 4248 Pauli...aut
894 4199 1061 4258 etiam,
1100 4199 1142 4248 si
1178 4199 1320 4248 Pauli
1353 4200 1433 4260 sit,

281 4279 407 4328 nihil
440 4279 623 4328 habere
658 4279 794 4344 quod
832 4277 1095 4327 aedificare
1134 4293 1226 4327 nos
1262 4279 1434 4342 possit,

281 4368 331 4410 et
353 4377 383 4408 a
408 4360 655 4424 plerisque
682 4359 931 4409 ueteribus
964 4360 1291 4423 repudiatam,
1318 4360 1439 4410 dum

281 4439 670 4490 commendandi
700 4446 909 4490 -tantum
954 4439 1197 4488 scribatur
1254 4438 1433 4499 offici0,

1546 3055 1636 3115 τὴν
1659 3055 1938 3115 ἐπιστολήν,
1963 3059 2064 3114 εἴγε
2091 3055 2209 3117 ὑπὲρ
2231 3057 2512 3118 πράγματος
2539 3057 2708 3118 μικροῦ

1546 3135 1766 3196 ἠξίωσεν,
1793 3136 1915 3199 ὑπὲρ
1937 3139 2038 3186 ἑνὸς
2071 3135 2236 3199 ἀνδρός
2267 3137 2528 3201 (similarly
2551 3138 2700 3198 Oec„

1546 3219 1772 3282 Thpht.=
1807 3219 1958 3278 φασὶν
1991 3219 2042 3266 δέ
2065 3235 2186 3266 τινες
2214 3215 2284 3276 μὴ
2313 3215 2490 3280 χρῆναι
2515 3219 2699 3276 ταύτην

1542 3298 1939 3358 συναριθμεῖσθαι
1999 3297 2104 3344 ταῖς
2169 3298 2376 3353 λοιπαῖς,
2433 3293 2518 3344 ἅτε
2585 3298 2706 3358 ὑπὲρ

1544 3378 1764 3425 εὐτελοῦς
1786 3374 1933 3424 οὖσαν
1959 3377 2284 3437 πράγματος).
2317 3375 2532 3438 Cyrinus
2544 3391 2705 3426 seems

1545 3463 1598 3504 to
1622 3457 1750 3504 have
1780 3456 1908 3504 been
1937 3456 2208 3519 perplexed
2240 3455 2306 3517 by
2333 3455 2474 3504 these
2503 3455 2702 3513 doubts,

1544 3538 1645 3586 and
1671 3545 1724 3586 to
1747 3538 1874 3587 have
1889 3538 2070 3601 sought
2087 3553 2118 3586 a
2135 3537 2356 3587 solution
2371 3547 2422 3586 at
2441 3538 2526 3587 the
2543 3539 2704 3588 hands

1545 3619 1605 3668 of
1643 3619 1909 3668 Theodore
1949 3621 2136 3682 (supra,
2183 3635 2233 3682 p.
2277 3634 2303 3668 α
2311 3633 2388 3684 59,
2433 3620 2467 3668 1.
2515 3636 2542 3682 5
2567 3622 2700 3684 sq.);

1542 3700 1702 3748 hence
1741 3699 1842 3748 this
1885 3699 2092 3762 lengthy
2135 3700 2454 3764 disquisition
2495 3716 2562 3749 on
2616 3702 2702 3750 the

1540 3781 1708 3845 utility
1731 3781 1788 3830 os
1805 3783 1890 3831 the
1915 3782 2126 3846 Epistle.

1614 3880 1688 3913 ιι.
1744 3863 1792 3911 si
1813 3863 2094 3926 respexerit,
2118 3863 2233 3925 δια]
2273 3863 2352 3914 Cf.
2383 3875 2417 3913 Ι.
2447 3881 2497 3928 p.
2521 3866 2638 3916 lxix.

1609 3962 1684 4010 13.
1733 3953 1992 3994 structores
2007 3947 2246 3995 utilitatis
2259 3947 2500 4008 aliorum]
2534 3953 2565 3975 ‘⁴
2579 3949 2698 3997 Pur·

1538 4047 1716 4094 veyors
1737 4031 1804 4088 of,
1827 4039 2041 4080 caterers
2065 4036 2134 4084 to,
2153 4028 2240 4077 the
2261 4028 2396 4091 good
2414 4029 2473 4077 of
2489 4030 2696 4079 others-»³¹

1547 4134 1595 4154 =
1614 4112 2005 4160 κατασκευασταὶ
2037 4107 2122 4168 τῆς
2154 4106 2250 4157 τῶν
2273 4107 2441 4157 ἄλλων
2463 4107 2698 4171 ὠφελείας

1540 4194 1619 4253 (or
1651 4193 1882 4256 perhaps,
1923 4193 2258 4254 προξενοῦντες
2289 4192 2387 4240 τοῖς
2419 4193 2603 4241 λοιποῖς
2635 4193 2698 4241 τὰ

1538 4279 1758 4338 χρήσιμα
1777 4291 1819 4324 s.
1845 4274 2105 4336 ὠφέλιμα).

1610 4373 1687 4420 17.
1755 4358 1948 4412 uolunt,
1969 4356 2080 4416 etsi]
2125 4357 2206 4412 Ut,
2231 4355 2396 4405 which
2419 4356 2505 4405 the
2539 4357 2695 4407 MSS.

1538 4441 1692 4490 insert
1714 4440 1942 4489 between
1965 4439 2104 4488 these
2129 4437 2311 4498 wordS,
2335 4437 2432 4486 has
2447 4437 2696 4502 probably

2796 962 2827 1028 5

2749 1477 2828 1523 10
