3250 5025
283 356 376 421 11.
417 354 712 439 13-17,]
850 367 934 418 IN
983 368 1088 419 ΕΡ.
1135 368 1238 418 AD
1285 363 2031 417 THESSALomcENsEs
2080 362 2154 415 11.
2624 354 2707 427 59

282 541 557 607 salutem
605 542 674 608 in
725 541 1226 627 sanctificatione
1281 538 1576 624 Spiritus
1621 528 1685 603 et
1721 537 1867 623 fide
1924 534 2241 611 ueritatis,
2296 534 2365 597 in
2424 531 2602 615 quod
2649 540 2714 595 et

286 647 546 711 uocauit
571 668 686 711 uos
699 660 825 732 per
847 646 1276 730 euangelium,
1311 646 1380 710 in
1411 645 1910 729 adquisitionem
1929 640 2185 726 gloriae
2221 638 2479 703 domini
2503 635 2714 701 nostri

285 752 434 815 Iesu
471 750 737 817 Christi.

419 872 684 954 ‘itaque
715 881 783 937 et
813 852 1086 955 propter
1111 869 1238 935 hoc
1270 868 1539 954 (inquit)
1573 889 1695 954 pro
1727 868 1921 933 uobis
1965 867 2217 950 gratias
2245 865 2507 948 agimus
2541 863 2709 939 De0,

285 976 606 1058 quoniam
639 996 759 1039 uos
791 974 995 1056 elegit
1035 974 1132 1038 ita
1175 982 1250 1037 ut
1288 981 1719 1056 expectatam
1753 968 2061 1033 fruamini
2100 968 2405 1041 salutem,
2444 966 2712 1048 partici-
2786 977 2819 1045 5

288 1101 458 1164 pans
488 1060 758 1163 quidem
792 1079 984 1143 uobis
1012 1077 1297 1161 gratiam
1341 1076 1648 1159 SpirituS,
1682 1075 1942 1139 donans
1984 1094 2141 1136 uero
2182 1070 2372 1135 uobis
2414 1070 2713 1133 ueritatis

289 1182 509 1246 fidem.
599 1180 728 1245 hoc
801 1181 981 1245 enirn
1043 1181 1237 1244 uobis
1298 1178 1631 1262 euangelii
1691 1174 2000 1259 praebuit
2064 1173 2347 1248 uocati0,
2424 1170 2715 1234 futuram

288 1285 571 1370 gloriam
603 1305 724 1369 per
762 1285 945 1350 illam
977 1284 1180 1349 fidem
1222 1304 1396 1369 quae
1437 1284 1506 1347 in
1547 1282 1817 1347 Christo
1854 1288 1958 1345 est
1996 1276 2557 1363 repromittentis.’
2646 1285 2717 1341 et

291 1402 447 1477 post
477 1392 642 1456 hoc:

423 1544 651 1627 itaque,
667 1542 945 1626 fratres,
976 1552 1142 1607 state
1167 1552 1233 1606 et
1259 1550 1454 1606 tenete
1483 1540 1867 1605 traditiones
1894 1560 2062 1623 quas
2091 1538 2418 1604 didicistis·
2443 1537 2583 1603 siue
2598 1550 2723 1621 per
2752 1562 2833 1610 10

293 1647 575 1725 uerbum,
606 1647 748 1710 siue
760 1659 887 1730 per
909 1646 1240 1729 epistolam
1269 1653 1579 1711 nostram.

423 1768 552 1834 hoc
583 1770 760 1833 enim
793 1770 878 1833 ad
912 1777 1130 1833 totum
1174 1768 1482 1846 reddidit,
1514 1766 1644 1833 hoc
1687 1775 1827 1832 est:
1871 1766 2117 1831 ‘nolite
2146 1766 2411 1831 suaderi
2446 1765 2573 1830 illis
2604 1767 2719 1851 qui

295 1893 418 1936 uos
448 1870 764 1935 seducere
803 1872 1055 1950 uolunt,
1100 1872 1216 1935 sed
1259 1880 1528 1936 manete
1569 1872 1638 1933 in
1683 1869 1813 1935 illis
1850 1890 2023 1953 quae
2070 1868 2261 1932 uobis
2302 1868 2716 1946 tradidimus,

296 1976 438 2039 siue
469 1994 590 2056 per
617 1976 896 2039 uerbum
929 1985 1331 2059 praesenteS,
1365 1976 1506 2040 siue
1539 1984 1606 2039 et
1637 1974 1948 2039 absentes
1979 1994 2099 2058 per
2126 1972 2413 2039 litteras!
2477 1974 2720 2038 deinde

295 2080 536 2142 iterum
566 2085 715 2142 orat
745 2098 868 2162 pro
901 2080 996 2141 eis
1022 2102 1037 2141 :
2003 2094 2009 2099 ·
2755 2096 2825 2165 15

428 2234 556 2316 ipse
599 2241 814 2295 autem
866 2230 1170 2296 dominus
1219 2238 1434 2295 noster
1481 2231 1667 2294 Iesus
1721 2228 2039 2309 Christus,
2090 2239 2155 2294 et
2201 2230 2383 2294 Deus
2425 2240 2489 2295 et
2528 2239 2725 2314 pater

296 2346 521 2414 noster,
570 2335 690 2418 qui
731 2334 962 2399 dilexit
1009 2356 1125 2399 nos
1170 2346 1234 2399 et
1277 2335 1458 2400 dedit
1504 2334 1688 2399 nobis
1738 2334 2225 2399 consolationem
2275 2344 2603 2399 aeternam
2662 2346 2725 2400 et

294 2453 468 2525 spem
519 2440 748 2505 bonam
803 2438 872 2503 in
911 2440 1164 2525 gratia,
1210 2442 1563 2505 consoletur
1599 2439 1795 2506 corda
1838 2449 2059 2504 uestra
2101 2449 2165 2505 et
2198 2438 2609 2505 constabiliat
2650 2438 2721 2503 in

297 2543 483 2610 omni
507 2544 695 2608 uerbo
723 2553 785 2653 εξ
811 2555 987 2628 opere
1015 2543 1186 2610 bono.

434 2667 580 2751 ‘qui
614 2667 829 2750 gratia
872 2665 1140 2750 (inquit)
1173 2687 1294 2731 sua
1339 2676 1681 2732 aeternam
1729 2667 1916 2731 illam
1957 2667 2482 2733 consolationem
2530 2667 2723 2732 nobis
2752 2689 2857 2738 20·

300 2769 581 2833 donauit
641 2768 739 2852 (id
793 2777 912 2843 est,
969 2767 1339 2833 futurorum
1385 2769 1712 2834 bonorum
1758 2768 1996 2854 spem),
2048 2771 2189 2854 ipse
2238 2782 2306 2836 et
2356 2771 2722 2835 secundum

301 2884 720 2957 praesentem
751 2874 961 2938 uitam
1008 2873 1182 2938 hanc
1227 2883 1574 2956 prosperet
1616 2874 1821 2938 corda
1860 2882 2099 2950 uestra,
2145 2873 2548 2938 confirmans
2580 2895 2721 2954 uOS,

402 3074 423 3110 ι
461 3059 515 3108 iu
543 3074 646 3125 quo
670 3059 783 3123 (for
811 3059 864 3109 in
906 3060 1066 3125 quod)
1091 3061 1158 3110 H
1378 3063 1409 3111 8
1443 3061 1849 3126 repromittentes
1875 3060 2019 3111 cv!
2068 3061 2423 3126 repromittans
2449 3062 2493 3112 C
2524 3061 2671 3127 (corr)
2695 3077 2728 3111 r

308 3157 364 3192 12
399 3141 606 3191 suadere
640 3139 738 3189 illis
776 3140 899 3190 CH
943 3141 1226 3205 persuaderi
1249 3141 1316 3191 ab
1334 3139 1431 3192 illis
1454 3159 1486 3190 r
1642 3144 1701 3193 18
1735 3143 2050 3194 constabiliet
2071 3142 2141 3191 H
2282 3158 2339 3192 αι
2378 3143 2587 3193 donabit
2614 3142 2731 3192 CH

303 3239 364 3273 αα
399 3237 635 3287 prospere
668 3229 718 3272 et
753 3221 908 3270 corda
939 3231 1104 3272 uestra
1138 3221 1267 3274 conf.
1297 3239 1388 3273 uos
1414 3232 1470 3274 ut
1503 3222 1576 3274 C*
1643 3239 1881 3289 prospere
1911 3223 2197 3273 consoletur
2226 3240 2273 3272 a.
2307 3239 2359 3273 u.
2390 3225 2522 3274 conf.
2546 3239 2637 3274 uos
2670 3229 2726 3274 ut

305 3303 349 3354 C
369 3301 516 3368 (corr)
581 3317 818 3368 prospere
853 3309 902 3352 et
941 3319 984 3353 c.
1025 3319 1076 3353 u.
1118 3303 1252 3353 conf.
1290 3312 1346 3354 ut
1382 3305 1453 3354 H
1502 3312 1764 3370 prosperet
1798 3311 1849 3356 et
1882 3320 1927 3355 c.
1961 3320 2013 3354 u.
2046 3321 2139 3354 uos
2171 3304 2301 3355 conf.
2340 3311 2397 3356 ut
2418 3322 2452 3355 r

303 3485 406 3540 Gk.‘
440 3485 748 3548 authorities,
797 3487 913 3552 give
969 3487 1061 3538 ὑπὸ
1110 3487 1239 3550 [τοῦ]
1285 3490 1461 3550 κυρίου.
1563 3492 1811 3555 ρῦξαμεν
1836 3493 1915 3541 καὶ
1936 3489 2137 3540 ἀπόντες
2159 3487 2531 3553 ἐγράψαμεν.

302 3571 570 3636 Praeelegz?
597 3570 660 3619 ab
691 3569 844 3619 initio
855 3585 880 3630 ;
922 3571 1163 3635 similarly
1195 3571 1283 3621 the
1325 3571 1461 3622 0.L.
1639 3575 1712 3624 18.
1776 3573 2437 3634 consoletur...constabiliat]
2454 3572 2726 3632 Ambrstr.‚

305 3655 418 3705 The
452 3652 606 3717 Vulg.
641 3651 838 3702 follows
873 3651 960 3702 the
989 3653 1198 3718 reading
1231 3651 1462 3715 ἀπαρχήν
1575 3657 1981 3707 “consoletur
2004 3653 2225 3705 stabiliat
2238 3651 2288 3714 ;”
2354 3653 2527 3718 Vulg.,
2594 3656 2629 3680 ‘⁶
2644 3671 2726 3706 ex·

303 3736 366 3800 (“
383 3732 896 3799 elegerit...primitias
912 3731 979 3798 ”).
1007 3734 1107 3783 Per
1120 3733 1468 3797 euangeliun15
1515 3763 1520 3769 ·
1567 3739 1795 3788 hortatur
1901 3731 2213 3786 confirmet.’'
2290 3734 2437 3784 Verbo
2470 3741 2516 3782 et
2556 3743 2691 3800 opere
2706 3756 2725 3795 ,-

304 3819 392 3869 the
413 3817 650 3867 omission
675 3815 734 3866 of
743 3814 876 3876 ἡμῶν
896 3815 940 3865 is
961 3817 1235 3881 supported
1259 3815 1380 3880 only
1401 3817 1471 3879 by
1566 3835 1625 3869 so
1664 3820 1912 3869 Ambrstr.
1996 3817 2108 3867 The
2152 3816 2305 3881 Vulg.
2357 3832 2575 3867 reverses
2626 3819 2729 3870 this

306 3902 392 3952 the
413 3901 606 3952 cursive
626 3899 780 3949 Paul.
817 3910 890 3959 17.
1569 3899 1731 3960 order,
1760 3898 1860 3948 and
1892 3897 1945 3947 in
1978 3897 2079 3946 this
2110 3897 2316 3946 accords
2352 3896 2477 3946 with
2512 3896 2598 3946 the
2622 3903 2729 3949 text

373 3998 448 4034 11.
522 3980 751 4041 uerbum]
774 3978 854 4030 Cf.
878 3980 1020 4030 uerbo
1045 3978 1110 4044 (v,
1145 3980 1243 4041 17),
1261 3979 1468 4030 uerbum
1570 3980 1630 4030 of
1657 3981 1837 4044 Chrys.
1860 3977 1961 4028 and
1991 3977 2149 4028 Thdt.
2195 3977 2339 4027 Th.’s
2360 3993 2565 4038 comm„
2587 3979 2727 4029 how·

307 4063 368 4128 (c.
395 4074 484 4112 111.
514 4061 578 4122 ι),
605 4060 711 4109 and
731 4067 852 4110 note
874 4075 942 4109 on
965 4076 1011 4110 v.
1043 4076 1070 4110 α
1098 4057 1306 4125 (supra).
1569 4079 1701 4122 ever,
1736 4078 1949 4128 appears
1977 4067 2031 4112 to
2060 4069 2267 4127 support
2297 4063 2433 4125 λόγῳ
2466 4065 2547 4112 καὶ
2578 4065 2722 4127 ἔργῳ,

377 4159 450 4210 13.
515 4142 839 4203 tradidimus,
859 4140 1158 4206 siue...siue]
1176 4142 1288 4193 The
1306 4143 1469 4207 Apos-
1568 4143 1672 4193 and
1694 4143 1779 4193 the
1802 4143 1949 4192 latter
1969 4141 2012 4191 is
2031 4142 2118 4192 the
2140 4143 2347 4208 reading
2368 4143 2427 4193 of
2442 4144 2593 4198 Dam.

305 4229 426 4280 tolie
447 4227 713 4292 παράδοσις
733 4225 970 4276 included
995 4224 1064 4290 (1)
1083 4225 1190 4275 oral
1214 4226 1461 4290 teaching‚
1638 4241 1718 4275 21.
1788 4224 1845 4273 id
1859 4232 1942 4282 est,
1958 4223 2215 4288 futurum
2245 4225 2289 4273 b.
2316 4227 2485 4291 spem]
2520 4227 2729 4292 Chrys-z

307 4309 379 4378 (α)
403 4311 638 4376 EpistleS.
700 4308 780 4359 Cf.
805 4308 960 4359 Thdt.
984 4325 997 4358 τ
1030 4309 1175 4370 ἔχετε
1199 4309 1372 4359 κάνονα
1406 4310 1467 4358 δι·
1569 4307 1715 4355 ποίαν
1736 4305 1794 4367 δὴ
1814 4307 2020 4366 ratri-nug
2064 4306 2153 4366 τὴν
2184 4307 2367 4355 ἐλπίδα
2400 4308 2496 4356 τῶν
2526 4309 2729 4368 μελλόν-

307 4394 575 4446 δασκαλίας
606 4391 717 4443 τοὺς
750 4389 868 4454 παρ’
899 4390 1032 4452 ἡμῶν
1064 4389 1176 4452 ὑμῖν
1208 4407 1470 4454 τροσενεχ·
1569 4405 1683 4438 των.
1744 4387 1923 4438 Thdt.:
1956 4389 2054 4437 τῶν
2076 4387 2350 4448 μελλόντων
2371 4386 2567 4451 ἀγαθῶν
2590 4390 2729 4438 δεδω·

307 4479 476 4528 θέντας
506 4475 700 4538 λόγους,
735 4473 812 4524 οὕς
841 4475 924 4524 καὶ
957 4471 1190 4538 παρόντες
1207 4468 1316 4534 ὑμῶν
1347 4474 1470 4534 ἐκη-
1572 4471 1665 4521 κὼς
1686 4469 1775 4530 τὴν
1799 4469 1993 4520 ἐλπίδα.
