3250 5025
363 403 484 473 VI.
517 420 620 485 20,
651 405 780 490 21.]

1073 419 1158 472 IN
1205 419 1312 473 ΕΡ.
1356 419 1460 472 AD
1503 415 1971 475 TIMOTHEUM
2018 421 2065 474 1.

2658 409 2779 490 187

411 578 418 584 ’
489 593 858 677 percipient
905 602 1133 658 autem
1184 591 1254 658 in
1306 592 1532 658 futuro
1579 593 1855 658 saeculo
1910 589 2252 658 mercedes
2314 611 2597 676 magnas
2656 613 2783 677 pro

359 696 604 780 quibus
633 697 701 760 in
730 695 858 761 hoc
888 695 1157 761 saeculo
1196 696 1326 761 ista
1360 696 1632 761 faciunt.
1722 715 1880 759 nam
1914 705 1983 760 et
2028 691 2371 761 mercedes
2401 697 2783 779 percipient

360 799 534 864 tales
579 819 754 883 quae
805 798 1057 863 nullam
1110 819 1432 882 umquam
1485 807 1803 882 poterunt
1857 797 2376 863 mutabilitatem
2438 799 2782 867 sustinere.

362 923 518 968 nam
564 903 747 988 quod
795 903 971 968 dixit
998 903 1534 987 fundamentum,
1567 902 1953 967 firmitatem
1992 923 2227 968 eorum
2265 903 2482 968 uoluit
2526 903 2782 988 signifi-

363 1027 530 1072 care.
619 1007 1092 1090 compendiose
1128 1026 1288 1071 uero
1333 1004 1462 1072 hoc
1510 1005 1725 1070 uoluit
1774 1006 2035 1070 dicere:

2124 1009 2141 1038 ‘
2160 1007 2471 1088 praecipe
2520 1005 2653 1071 illis
2706 1017 2781 1072 ut

361 1131 498 1175 non
543 1130 788 1193 magna
839 1112 1105 1193 sapiant
1150 1120 1426 1194 propter
1498 1109 1616 1174 illa
1673 1130 1847 1193 quae
1906 1109 2255 1193 possident
2276 1132 2293 1189 ;
2365 1118 2782 1192 cognoscant

359 1234 520 1280 uero
565 1215 936 1278 Dominum
981 1213 1218 1279 horum
1259 1215 1387 1279 sibi
1428 1235 1574 1279 esse
1615 1215 2019 1297 largitorem,
2054 1223 2122 1278 et
2159 1209 2315 1278 liuic
2357 1234 2624 1296 semper
2657 1235 2784 1298 pro

360 1317 674 1384 omnibus
725 1317 851 1383 sibi
897 1319 1162 1384 tributis
1209 1319 1460 1403 gratias
1507 1317 1760 1383 debent
1812 1318 2073 1398 referre,
2105 1318 2175 1382 in
2210 1317 2406 1381 bonis
2466 1319 2779 1400 operibus

362 1420 878 1485 sollicitudinem
909 1421 1390 1504 expendenteS,
1421 1421 1604 1504 quod
1638 1440 1850 1504 parua
1894 1419 2135 1485 dantes
2168 1421 2235 1484 in
2265 1421 2608 1503 praesenti
2640 1421 2784 1487 uita

365 1544 612 1608 magna
672 1525 740 1588 in
801 1523 1022 1589 futuro
1081 1524 1349 1590 saeculo
1423 1522 1785 1608 recipiant!

365 1627 604 1692 iterum
654 1631 739 1702 ad
794 1629 1137 1695 Timothei
1186 1650 1258 1694 se
1311 1628 1516 1694 uertit
1568 1648 1951 1713 personam,
1999 1628 2131 1693 illis
2190 1649 2363 1712 quae
2436 1628 2784 1711 praedicta

366 1729 628 1796 fuerant
659 1743 1119 1816 competenter
1146 1734 1481 1799 adiciens:

492 1920 530 1963 ο
569 1899 904 1979 Timothee,
934 1899 1444 1965 commendatum
1483 1898 1745 1978 custodi,
1776 1897 2081 1964 deuitans
2107 1901 2438 1985 profanas
2464 1901 2787 1967 nouitates

363 2025 590 2068 uocum
617 2014 682 2070 et
705 2005 1115 2089 oppositiones
1125 2003 1310 2087 sahi
1333 2003 1620 2069 nominis
1646 2003 1962 2084 scientiae,
1986 2025 2185 2088 quam
2215 2004 2485 2089 quidam
2501 2006 2783 2088 promit-

366 2115 563 2172 tentes
589 2127 633 2170 a
645 2107 790 2191 fide
814 2106 1200 2172 exciderunt.
1225 2173 1232 2180 ,

493 2235 580 2300 de
621 2235 750 2300 illis
791 2235 968 2300 enim
1014 2234 1142 2298 hoc
1183 2233 1250 2298 in
1291 2232 1440 2298 loco
1493 2232 1673 2299 dicit.

1763 2236 1881 2298 ‘tu
1932 2233 2203 2318 (inquit)
2245 2235 2508 2299 custodi
2554 2233 2785 2314 fidem,

362 2340 548 2405 omni
598 2341 845 2405 uirtute
889 2338 1230 2404 declinans
1267 2360 1382 2405 eos
1426 2339 1540 2423 qui
1587 2339 1920 2403 contraria
1963 2340 2214 2418 docent
2257 2349 2325 2404 et
2365 2360 2631 2422 semper
2661 2360 2783 2403 ex-

362 2443 660 2528 cogitant
707 2442 956 2528 aliquid
1012 2443 1248 2506 nonius
1298 2441 1518 2506 dicere
1558 2448 1629 2505 et
1675 2440 2190 2523 inconueniens;
2244 2443 2358 2526 qui
2411 2453 2480 2508 et
2516 2455 2780 2512 contro-

360 2548 608 2611 uersias
637 2556 872 2611 contra
909 2546 1262 2609 ueritatem
1299 2544 1693 2628 excogitant
1722 2544 1849 2608 sub
1892 2544 2163 2609 nomine
2209 2545 2526 2611 scientiae
2569 2569 2773 2631 quam

364 2650 625 2715 mentiti
677 2648 1083 2727 insimulant,
1136 2650 1673 2733 promittuntque
1720 2669 1794 2713 se
1846 2648 2197 2714 scientiam
2256 2650 2524 2727 habere,
2578 2652 2781 2737 longe
2808 2674 2894 2726 20

364 2765 591 2821 autem
646 2753 934 2822 multum
995 2754 1250 2820 distant
1309 2774 1352 2819 a
1409 2752 1576 2821 fide!

460 2924 488 2959 a
523 2908 805 2961 mercedem
825 2924 880 2975 p.
904 2908 1057 2959 talem
1078 2924 1114 2959 r

363 2986 669 3053 firmitatem)
712 3003 748 3038 r

361 3075 532 3117 autem
553 3083 587 3117 r

361 3148 483 3197 noui
505 3163 539 3198 r
734 3161 795 3215 19
827 3148 1035 3199 scientia
1057 3164 1157 3213 qua
1177 3149 1248 3198 H

430 3308 479 3352 4.
537 3286 836 3353 firmitatem
857 3303 1028 3337 eor-um
1051 3287 1228 3347 uoluit,
1257 3285 1371 3350 &c.]
1443 3285 1525 3336 cf.

365 3370 554 3419 Thdt.:
608 3368 703 3417 τῶ
760 3370 813 3419 δὲ
865 3366 1144 3429 μελλόντων
1198 3364 1394 3428 ἀγαθῶν
1435 3365 1527 3427 τὴν

361 3444 635 3497 ἀπόλαυσιν
692 3448 912 3507 θεμέλιον
969 3448 1216 3507 κέκληκεν·
1276 3444 1525 3507 ἀκίνητα.

363 3530 472 3593 γὰρ
508 3531 710 3579 ἐκεῖνο.
743 3529 839 3577 καὶ
872 3524 1166 3591 ἄτρεπτα.

437 3622 512 3671 13.
555 3607 969 3668 commendatum]
1004 3608 1076 3657 So
1089 3606 1342 3655 Ambrstr.
1377 3605 1444 3657 Ο.
1460 3604 1525 3654 L.

363 3691 621 3755 generally
640 3690 742 3739 and
767 3690 938 3754 Vulg„
963 3694 996 3716 ‘⁸
1013 3687 1348 3753 depositum.”
1411 3689 1524 3753 Just

365 3772 528 3821 below
562 3771 617 3831 (1.
646 3770 731 3829 21)
765 3784 841 3818 we
873 3770 1002 3819 have
1033 3769 1528 3826 commendationem;

364 3849 429 3898 cf.
453 3866 480 3900 α
504 3850 639 3898 Tim.
663 3849 695 3898 i.
725 3864 802 3909 ια,
836 3865 912 3909 14.
976 3852 1026 3898 A
1047 3848 1159 3915 fide
1190 3848 1233 3898 is
1264 3863 1296 3897 a
1327 3849 1425 3913 slip
1459 3863 1527 3897 on

365 3931 452 3981 the
474 3937 586 3996 part
607 3930 666 3979 of
681 3946 773 3981 our
795 3928 1074 3989 translator,
1093 3929 1211 3980 who
1233 3946 1336 3979 was
1359 3929 1525 3979 think·

365 4011 454 4077 ing
476 4010 690 4076 perhaps
712 4010 771 4060 of
796 4027 844 4060 v.
873 4025 964 4069 10;
1000 4011 1086 4061 the
1121 4010 1272 4061 Latin
1303 4010 1528 4061 versions

366 4095 610 4159 correctly
647 4094 828 4144 render
871 4093 1054 4143 “circa
1085 4091 1285 4144 fidem”
1325 4092 1528 4158 (=erga

348 4176 528 4239 fidan,
556 4190 600 4225 c.
624 4174 659 4224 i.
690 4174 784 4239 19).

438 4255 515 4306 16.
567 4256 755 4306 custodi
768 4254 952 4319 fidem]
1015 4254 1100 4305 Cf.
1125 4255 1318 4320 Pelag.:
1359 4255 1526 4307 “fidei

367 4337 652 4403 depositum
695 4334 943 4386 custodi.”
1026 4338 1150 4387 Oec.
1192 4338 1266 4398 (r)
1301 4338 1526 4403 explains

368 4418 458 4479 τὴν
493 4414 776 4483 παραθήκην
809 4416 1020 4479 αεετὴν
1056 4418 1258 4479 ἐντολὴν
1291 4419 1380 4469 τοῦ
1413 4422 1528 4471 θεοῦ

369 4498 431 4559 ἢν
477 4494 536 4547 δι’
577 4494 693 4559 ἐμοῦ
731 4498 826 4561 [sc.
883 4496 1106 4561 Παύλου]
1150 4500 1226 4549 σοὶ
1270 4502 1525 4563 παρέθετο.

1339 2925 1368 2975 3
1403 2925 1681 2975 numquam
1700 2909 1857 2961 ullam
1885 2910 1931 2961 C
1946 2926 1982 2961 r

997 3000 1023 3052 7
1057 2988 1192 3039 hunc
1215 2986 1331 3053 (for
1347 2988 1485 3050 huic)
1509 2989 1585 3039 C*
1610 2991 1675 3040 H

767 3080 827 3131 13
859 3082 893 3117 o
916 3068 979 3119 T.
1006 3068 1292 3133 depositum
1315 3068 1404 3120 &a
1433 3070 1512 3132 [as
1534 3069 1593 3118 in
1628 3068 1795 3134 ναῖς]
1816 3084 1852 3119 r

1427 3163 1493 3200 20
1522 3150 1825 3215 promittunt
1846 3149 1933 3216 qui
1957 3152 2026 3201 H

1666 2753 1838 2818 bene
1898 2763 2125 2820 autem
2178 2763 2248 2820 et
2309 2756 2783 2821 ‘commenda-

2215 2930 2247 2974 4
2279 2909 2645 2961 firmamentum
2670 2909 2789 2976 (for

1928 3004 1962 3055 9
1994 2990 2137 3041 dates
2157 2990 2254 3039 H*
2520 3007 2579 3043 10
2612 2990 2784 3042 dicens

2036 3086 2095 3133 14
2128 3070 2333 3136 quidem
2360 3072 2406 3121 C
2423 3072 2492 3121 H
2500 3087 2535 3120 r
2720 3072 2781 3123 18

2210 3166 2267 3202 οι
2306 3150 2619 3216 multumque
2642 3166 2676 3201 r

1621 3286 1781 3337 Thdt.
1808 3285 2063 3345 (followed
2084 3287 2153 3353 by
2175 3288 2299 3339 Oec.
2327 3286 2421 3352 (ἡ)
2438 3290 2621 3341 breaks
2637 3308 2785 3357 away

1619 3364 1751 3415 from
1773 3364 1890 3415 Th)
1891 3382 1915 3417 s
1936 3366 2317 3432 interpretation
2338 3370 2649 3435 altogether·
2685 3388 2781 3421 πα·

1619 3444 1863 3510 ροιθήκην
1888 3448 2020 3507 οἶμαι
2075 3447 2179 3509 τήν
2232 3446 2404 3512 χάριν
2457 3452 2623 3512 λέγειν
2676 3450 2785 3502 τοῦ

1622 3528 1980 3589 πνεύματος,
2003 3528 2063 3590 ἤν
2086 3528 2163 3579 διὰ
2181 3531 2267 3591 τῆς
2292 3534 2589 3595 χειροτονίας
2619 3534 2779 3593 ἐδέξα-

1621 3628 1697 3661 το.
1765 3610 1845 3661 Cf.
1869 3611 2013 3674 infra
2036 3627 2103 3661 on
2128 3627 2155 3661 ο
2180 3612 2353 3662 Tim.'
2338 3630 2373 3662 1.
2402 3630 2481 3676 14.

1695 3693 1772 3742 18.
1830 3693 2030 3757 aliquid
2056 3694 2237 3743 nonius
2266 3695 2440 3757 disne]
2504 3692 2781 3758 κοινότερόν

1621 3790 1671 3823 τι
1707 3773 1891 3833 λέγειν.
1962 3774 2088 3823 This
2110 3775 2277 3825 leaves
2310 3775 2443 3826 little
2476 3776 2636 3827 doubt
2668 3778 2781 3829 that

1622 3854 1723 3903 Th.
1762 3855 1884 3904 read
1924 3858 2335 3917 καινοφωνίας-ει
2372 3857 2578 3922 reading
2615 3859 2781 3909 which

1623 3936 1749 3987 Oec.
1776 3937 1879 3987 and
1902 3937 2095 4001 Thpht.
2122 3938 2279 3991 found
2302 3939 2356 3989 in
2380 3940 2559 4005 Chrys.
2586 3939 2778 4005 (Tisch.

1621 4017 1697 4065 ad
1734 4016 1788 4066 h.
1832 4018 1911 4078 1.).
1976 4018 2053 4067 As
2096 4034 2213 4068 now
2256 4020 2427 4070 edited
2472 4020 2649 4086 Chrys.
2687 4022 2781 4073 has

1623 4104 1839 4160 κενοφ.,
1866 4100 1956 4147 but
1988 4098 2069 4148 his
2097 4114 2281 4150 comm.
2306 4099 2415 4164 (ἄρα
2443 4104 2577 4151 ἐστὶν
2613 4104 2693 4153 καὶ
2728 4101 2783 4153 οὗ

1619 4178 1833 4243 βέβηλος
1856 4178 1925 4238 κ.)
1950 4178 2119 4243 points
2140 4180 2309 4230 rather
2324 4181 2411 4231 the
2432 4182 2578 4231 other
2598 4200 2731 4249 way.

1690 4274 1771 4310 20.
1826 4261 1967 4324 longe
1982 4266 2161 4321 autem,
2190 4260 2305 4323 δια]
2364 4261 2512 4313 Qec-2
2547 4263 2666 4314 ὅταν
2688 4262 2783 4330 γὰρ

1623 4343 1787 4393 πίστις
1806 4340 1875 4403 μὴ
1897 4340 1943 4403 ᾖ,
1967 4340 2142 4403 ’γνέυις
2164 4340 2249 4391 οὐκ
2271 4344 2420 4393 ἔστιν.
2486 4344 2641 4395 Thdt.
2664 4362 2780 4411 sup-

1621 4439 1771 4489 poses
1800 4440 1831 4473 a
1858 4424 2015 4472 direct
2051 4422 2300 4474 reference
2332 4432 2386 4475 to
2418 4425 2504 4475 the
2529 4428 2697 4491 gnos-is
2728 4427 2787 4478 of

1629 4503 1804 4556 Simon
1822 4520 1840 4565 3
1873 4503 1938 4554 cf.
1975 4502 2108 4553 Iren.
2142 4503 2195 4553 ii.
2232 4519 2291 4566 14
2312 4506 2341 4564 5
2364 4516 2416 4567 7:
2458 4506 2781 4557 “secundum

1874 1533 1945 1590 et
2003 1525 2233 1589 dicens
2295 1523 2383 1588 de
2456 1524 2781 1590 diuitibus
2814 1544 2895 1596 10

2814 2130 2886 2199 15
