3250 5025
1018 412 1099 461 IN
1152 412 1254 461 ΕΡ.
1303 412 1403 461 ΑΙ)
1452 410 2016 461 PHILEMONEM.'
2363 486 2370 493 .
2563 404 2691 471 259

267 580 583 645 idoneum
631 602 783 645 eum
833 582 1176 659 exhibenS,
1225 583 1344 647 sed
1392 592 1459 646 et
1506 582 1775 665 pietatis
1813 602 1966 645 eum
2005 580 2250 645 habere
2281 581 2510 645 docuit
2541 580 2688 643 dili·

266 684 585 764 gentiam.
657 686 883 749 scribit
914 706 1072 769 ergo
1104 686 1171 749 in
1202 686 1329 749 hac
1358 685 1640 767 epistola
1674 683 2046 747 Philemoni
2079 682 2428 765 postulans
2459 694 2532 747 ut
2565 684 2689 767 ipsi

269 785 593 851 Onesimo
624 810 745 871 pro
776 790 1017 872 quibus
1042 790 1297 855 dudum
1326 789 1696 872 deliquerat
1719 789 1983 852 ueniam
2010 788 2348 861 tribueret,
2371 787 2689 869 reciperet

264 908 423 952 uero
452 911 607 955 eum
640 893 707 955 in
738 894 977 959 affectu
1011 895 1102 958 ob
1132 904 1550 976 praesentem
1584 891 1907 975 propositi
1943 892 2084 955 eius
2115 890 2610 954 correctionem.

396 994 514 1056 sed
568 1008 1037 1078 argumentum
1100 999 1369 1080 quidem
1435 998 1758 1080 epistolae
1819 998 1884 1058 in
1945 994 2048 1059 his
2109 994 2406 1059 habetur.
2523 992 2686 1076 quid
2741 1014 2746 1021 ·

265 1113 423 1158 uero
475 1116 564 1159 ex
612 1119 690 1161 ea
738 1097 897 1163 lucri
948 1102 1157 1183 possit
1205 1100 1465 1183 adquiri
1515 1100 1828 1163 conuenit
1883 1099 2295 1161 manifestius
2347 1096 2686 1179 explicari,

264 1198 421 1279 quia
494 1220 617 1263 nec
690 1203 1001 1266 omnibus
1063 1204 1128 1265 id
1206 1204 1523 1266 existimo
1584 1222 1780 1283 posse
1841 1222 1982 1264 esse
2044 1202 2428 1284 cognitum;
2503 1201 2684 1281 quod

266 1306 563 1369 maxime
626 1306 828 1369 etiarn
886 1308 1027 1387 ipse
1080 1326 1119 1369 a
1174 1306 1365 1369 nobis
1410 1305 1640 1368 disseri
1695 1304 2063 1386 postulasti.
2155 1305 2442 1385 primum
2505 1300 2688 1383 equi-

263 1408 420 1471 dem
504 1407 664 1471 illud
744 1418 845 1471 est
929 1409 1461 1491 perspiciendum
1551 1409 1710 1489 quia
1789 1408 2322 1489 quattuordecim
2407 1427 2686 1470 numero

263 1519 419 1573 sunt
469 1510 791 1592 epistolae
853 1532 1085 1574 omnes
1152 1511 1358 1573 Pauli.
1454 1532 1541 1573 ex
1602 1511 1705 1573 his
1765 1531 1925 1573 uero
1979 1511 2147 1573 aliae
2206 1512 2477 1593 quidem
2528 1520 2685 1574 sunt

264 1614 549 1695 scriptae
608 1614 694 1675 ad
755 1613 1065 1677 ecclesias
1141 1615 1451 1695 integras,
1511 1614 1706 1676 sicuti
1767 1624 1922 1677 sunt
1981 1614 2304 1697 epistolae
2363 1636 2536 1698 quae
2597 1618 2683 1680 ad

268 1715 613 1780 Romanos
658 1727 724 1782 et
774 1718 1153 1782 Corinthios
1199 1728 1265 1779 et
1318 1718 1664 1781 Hebraeos
1697 1716 1779 1781 ⁴et
1814 1718 2140 1801 Ephesios
2183 1728 2250 1782 et
2295 1719 2570 1783 Galatas
2617 1731 2684 1784 et

268 1816 723 1901 Philippenses
767 1830 836 1883 et
892 1818 1321 1884 Colossenses
1376 1829 1444 1882 et
1497 1820 2128 1885 Thessalonicenses
2178 1824 2462 1905 scriptae
2511 1836 2682 1888 sunt.

263 1920 435 1985 aliae
466 1944 625 1987 uero
656 1935 812 1988 sunt
842 1924 1163 2006 speciales
1195 1924 1281 1987 ad
1315 1924 1571 2006 aliquos
1603 1925 1907 2007 scriptae,
1939 1926 2107 1989 sicut
2139 1935 2295 1989 sunt
2328 1926 2478 1989 illae
2510 1948 2685 2009 quae

264 2023 351 2086 ad
413 2026 847 2091 Timotheum
908 2039 977 2092 et
1036 2030 1267 2091 Titum
1328 2039 1485 2091 sunt
1544 2030 1846 2111 scriptae,
1906 2050 2080 2111 quae
2160 2050 2282 2112 pro
2341 2032 2681 2093 communi

264 2128 553 2193 utilitate
597 2132 901 2196 similiter
934 2134 1217 2216 scriptae
1254 2143 1426 2207 sunt,
1462 2134 1617 2197 licet
1662 2132 1980 2215 speciales
2017 2154 2163 2197 esse
2203 2134 2685 2216 perspiciantur

262 2250 345 2294 ea
404 2236 659 2299 ratione
733 2258 867 2319 qua
942 2238 1123 2321 ipsae
1197 2238 1519 2321 epistolae
1600 2239 1686 2301 ad
1763 2247 1978 2301 certas
2053 2258 2369 2321 personas
2448 2246 2683 2319 utpote

264 2335 583 2417 speciales
614 2350 769 2403 sunt
800 2342 1082 2423 scriptae
1108 2361 1123 2419 ;
1171 2350 1397 2405 tamen
1429 2342 1586 2423 quia
1618 2342 1949 2405 instruunt
1981 2360 2096 2404 eos
2138 2340 2320 2422 ipsae
2361 2340 2684 2423 epistolae

264 2439 425 2524 quid
460 2462 573 2504 eos
614 2444 970 2508 conueniat
1002 2442 1233 2518 facere,
1277 2465 1366 2507 ex
1404 2444 1648 2528 quibus
1689 2442 1818 2507 hoc
1858 2464 2214 2507 commune
2244 2464 2388 2507 esse
2419 2444 2685 2507 uidetur

2726 1532 2800 1579 10

2722 2046 2790 2111 15

263 2546 551 2630 plurima
603 2566 691 2610 ex
744 2558 935 2631 parte
984 2549 1073 2612 ob
1126 2549 1443 2611 insertam
1476 2549 1542 2611 in
1574 2547 1835 2612 hisdem
1867 2548 2204 2624 uirtutem,
2241 2547 2356 2610 illa
2399 2567 2571 2629 quae
2613 2546 2678 2608 in
2714 2551 2798 2599 20

262 2669 618 2712 commune
650 2651 717 2714 in
748 2651 1025 2715 ecclesia
1056 2651 1163 2734 agi
1196 2651 1599 2714 conueniant
1638 2650 1747 2714 uel
1778 2650 1959 2734 quali
1990 2651 2221 2714 ordine
2251 2651 2360 2734 agi
2391 2652 2682 2716 debeant

262 2756 531 2820 edocuit
560 2775 691 2820 eos,
769 2755 1043 2820 euidens
1075 2764 1177 2818 est
1208 2763 1434 2817 autem
1467 2755 1786 2837 quoniam
1811 2753 2028 2817 omnis
2058 2753 2462 2837 quicumque
2491 2775 2682 2836 prae-

263 2849 409 2925 esse
436 2861 879 2940 constituitur,
912 2879 1374 2943 quaecumque
1418 2860 1658 2923 doctus
1697 2856 1892 2921 suerit
1932 2878 2053 2939 pro
2094 2857 2434 2921 communi
2467 2855 2682 2920 facere

361 3083 389 3118 α
424 3068 477 3118 in
499 3069 630 3119 hanc
650 3068 913 3134 epistolam
938 3070 1006 3117 H
1282 3085 1312 3132 3
1347 3067 1712 3133 derelinquerat
1735 3069 1801 3117 H
1894 3066 2157 3132 reliquerat
2181 3081 2216 3116 r
2495 3078 2522 3126 5
2557 3064 2680 3129 quid

261 3150 673 3200 uere...similiter
696 3152 779 3215 (p.
806 3149 915 3212 261,
945 3151 981 3200 l.
1006 3149 1054 3212 5)
1076 3166 1153 3199 om
1177 3166 1210 3198 r
1444 3148 1475 3198 6
1508 3149 1632 3199 lucri
1655 3166 1718 3198 ex
1739 3165 1800 3199 ea
1821 3149 1888 3198 H
1906 3147 1914 3212 Ι
1947 3148 2196 3198 cumucnit
2225 3145 2294 3196 C*
2327 3145 2336 3210 Ι
2364 3143 2612 3210 explicare
2641 3145 2686 3194 C

260 3233 529 3299 explectari
549 3233 651 3298 (sic)
666 3235 734 3282 H
854 3233 885 3281 8
918 3231 989 3282 eri
1012 3233 1113 3280 iam
1132 3232 1249 3296 (sor
1260 3231 1430 3289 etiam)
1454 3229 1524 3280 ί*
1568 3231 1676 3279 heri
1700 3230 1800 3278 iam
1823 3230 1865 3278 C
1881 3229 2028 3288 (corr)
2169 3241 2227 3277 zo
2243 3217 2434 3276 'omnes
2451 3242 2532 3290 ep.
2551 3227 2606 3274 P.
2623 3228 2690 3275 H

270 3327 287 3362 ι
300 3327 325 3376 7
360 3328 489 3378 quae
512 3312 627 3376 (for
649 3313 767 3376 qua)
797 3310 868 3360 C*
935 3311 1054 3376 quia
1082 3311 1125 3359 C
1146 3310 1291 3372 (corr)
1342 3310 1351 3373 1
1380 3318 1436 3358 ut
1460 3309 1577 3372 (for
1597 3310 1795 3374 utpote)
1825 3307 1894 3358 C*
1922 3309 2027 3369 (but
2047 3307 2170 3356 with
2197 3308 2380 3356 lacuna
2395 3307 2680 3370 following)

262 3403 316 3446 nt
339 3404 388 3444 et
419 3397 463 3444 C
482 3395 631 3455 (corr)
834 3395 891 3442 18
924 3409 1017 3442 scr.
1040 3400 1156 3440 sunt
1177 3393 1245 3440 H
1436 3405 1495 3454 ¹9
1528 3390 1760 3439 uidentur
1788 3391 1832 3439 C
1833 3389 1857 3414 ⁴*
1884 3391 1949 3438 II
2137 3403 2196 3438 22
2233 3395 2305 3436 est
2327 3403 2403 3436 om
2427 3387 2494 3436 H

332 3580 380 3626 8.
454 3573 899 3640 epse...postulasli]
935 3573 1317 3638 1-e.,Cyrinus;
1350 3573 1413 3622 cf.
1524 3571 1710 3621 Euseb.
1749 3571 1822 3619 H.
1842 3571 1910 3619 E.
1941 3569 2010 3618 iii.
2054 3581 2108 3618 2:
2144 3569 2228 3616 τοῦ
2260 3568 2312 3616 δὲ
2335 3564 2532 3616 Παύλου
2566 3563 2676 3629 πρό-

266 3669 304 3706 1.
339 3673 425 3722 pp.
466 3656 532 3716 xi,
560 3663 679 3704 note
708 3669 749 3714 1,
782 3652 921 3712 lxiii3
957 3665 1019 3702 11.
1054 3669 1107 3717 p.
1145 3656 1255 3715 238,
1294 3654 1329 3702 l.
1376 3668 1416 3710 1,
1524 3655 1662 3712 δηλοι
1697 3655 1775 3700 καὶ
1810 3653 1981 3710 σαφεῖς
2011 3651 2054 3697 οἱ
2089 3649 2451 3710 δεκατέσσαρες.
2517 3647 2672 3697 Thdt.

263 3747 400 3788 note.
471 3737 547 3786 Of
574 3737 673 3786 this
696 3735 911 3800 Cyrinus
933 3735 1147 3798 nothing
1176 3750 1336 3784 seems
1371 3742 1423 3782 to
1512 3734 1644 3798 prol.
1683 3733 1742 3781 in
1777 3733 1908 3796 Epp.
1947 3730 2108 3781 Paula·
2120 3745 2138 3779 .·
2187 3731 2272 3778 τὰς
2313 3730 2545 3791 τέτταρας
2588 3727 2678 3785 μὲν

262 3817 329 3867 be
348 3815 591 3880 centainly
614 3816 814 3864 known.
889 3815 975 3863 He
996 3829 1092 3863 can
1117 3813 1337 3877 scarcely
1360 3813 1423 3862 be
1524 3818 1605 3864 καὶ
1673 3817 1789 3864 δέκα
1853 3815 2114 3862 ἐπιστολὰς
2169 3809 2196 3860 ὀ
2250 3829 2366 3868 μακ.
2425 3813 2676 3874 γέγραφεν

264 3900 499 3950 identical
524 3900 645 3948 with
680 3899 765 3948 the
790 3914 972 3962 enemy
994 3898 1052 3947 of
1080 3898 1279 3962 Chrys„
1307 3897 1424 3946 who
1524 3895 1734 3944 Παῦλος.
1795 3893 1880 3943 On
1910 3890 2055 3942 Th.·s
2088 3890 2246 3941 belief
2273 3892 2323 3940 in
2357 3891 2442 3940 the
2471 3891 2678 3940 Pauline

262 3997 367 4030 was
398 3981 494 4045 Bp.
527 3980 586 4029 of
613 3981 925 4037 Chalcedon,
958 3979 1051 4028 but
1082 3978 1142 4028 of
1170 3977 1424 4042 Egyptian
1521 3973 1816 4038 authorship
1852 3973 1910 4021 of
1937 3973 2022 4022 the
2061 3973 2156 4036 Ep.
2199 3980 2253 4021 to
2287 3971 2373 4020 the
2409 3969 2672 4030 Hebrews,

262 4063 440 4129 origin,
460 4063 561 4112 and
580 4063 695 4112 who
717 4062 835 4112 died
858 4075 979 4111 Aa).
1004 4075 1098 4124 405
1117 4061 1214 4122 (Le
1234 4060 1416 4123 Quien,
1522 4073 1604 4106 see
1629 4067 1666 4105 1.
1695 4071 1744 4121 p.
1780 4067 1886 4119 129,
1915 4055 1948 4104 l.
1985 4068 2058 4103 ια.

268 4148 447 4198 Oriens
484 4146 603 4195 Chr.
643 4157 681 4193 ι.
718 4143 855 4208 601).
922 4144 1153 4194 Another
1188 4141 1419 4206 Cyrinus,
1592 4153 1670 4186 η.
1732 4134 2018 4184 Corinthios
2046 4140 2094 4182 ct
2121 4131 2386 4194 Hebraeos]
2433 4131 2530 4183 See
2553 4143 2590 4181 1.
2620 4146 2669 4196 p.

262 4229 358 4294 Bp.
387 4227 445 4278 of
470 4227 665 4287 Patara,
692 4241 796 4276 was
817 4233 1017 4290 present
1042 4233 1097 4276 at
1128 4223 1421 4275 Chalcedon
1524 4216 1601 4280 76,
1623 4216 1660 4266 l.
1685 4230 1758 4276 xo,
1781 4223 1918 4266 note.
1963 4215 2118 4265 Thdt.
2141 4215 2268 4276 (ιτ.)
2287 4217 2456 4278 places
2471 4214 2555 4263 the
2575 4214 2674 4279 Ep.

262 4308 314 4357 in
339 4323 465 4372 4513
497 4307 560 4356 ct.
592 4307 665 4356 Le
685 4306 873 4368 Quien‚
897 4321 947 4371 p.
977 4308 1089 4372 978.
1522 4306 1575 4348 to
1614 4299 1700 4347 the
1740 4297 1987 4346 Hebrews
2021 4295 2074 4344 in
2110 4296 2256 4345 order
2291 4294 2348 4344 ot*
2394 4296 2516 4344 time
2550 4294 2676 4345 after

326 4401 375 4451 9.
450 4386 839 4451 quatttumiecim
864 4384 1089 4446 numero]
1140 4382 1220 4434 Cf.
1255 4384 1419 4433 Const.
1523 4381 1802 4440 Philemon,
1876 4378 2156 4443 Ephesians
2211 4376 2314 4426 and
2388 4377 2676 4425 Colossians

261 4475 410 4533 apost.
431 4470 493 4532 84
508 4486 524 4517 ε
547 4469 747 4517 Παύλου
768 4468 1026 4516 ἐπιστολαὶ
1052 4465 1419 4528 δεκατέσσαρες.
1522 4464 1667 4523 (μετὰ
1689 4463 1880 4511 τούτους
1896 4457 2136 4523 Ἑβραίοις
2165 4459 2482 4518 ἐπέστειλεν).

2297 4577 2500 4642 17—2
