3250 5025
334 374 744 461 1V.9-11.]
1050 387 1132 438 m
1179 389 1282 439 EP.
1331 387 1432 438 AD
1479 387 1943 440 TIMOTHEUM
1993 392 2037 442 1.
2633 397 2751 462 147

251 605 256 612 .
325 560 623 624 conferre
656 560 846 623 nobis
879 580 1012 624 non
1049 559 1324 622 minima
1355 560 1618 640 potest.'
1689 581 1846 625 narn
1878 565 2058 644 quod
2091 563 2268 627 dixit
2303 565 2536 628 ‘uitam
2564 586 2749 649 prae-

325 666 621 742 sentem,'
683 665 776 729 sic
837 665 1002 729 dicit
1059 665 1240 747 quod
1302 665 1415 747 pii,
1477 667 1530 727 si
1593 665 1798 729 etiam
1859 667 2221 750 aliquando
2282 671 2748 733 necessitatem

324 770 794 844 sustinuerunt,
850 767 1210 850 plurimum
1268 767 1578 831 iuuamen
1643 771 1847 832 etiam
1908 773 2277 835 secundum
2328 785 2747 855 praesentem

324 874 534 937 uitam
565 874 1038 956 adsequuntur.
1129 879 1199 934 et
1230 870 1482 933 dictum
1515 890 1711 933 suurn
1744 871 2145 937 confirmans
2178 875 2449 940 adiecit:

433 1025 635 1109 fidele
661 1025 926 1089 uerbum
953 1035 1017 1089 et
1043 1023 1227 1087 omni
1252 1023 1596 1106 acceptione
1624 1024 1922 1108 dignum.
2806 1115 2813 1122 .
2824 1052 2854 1118 5

449 1152 579 1217 hoc
608 1161 727 1227 est,
761 1173 918 1217 uera
947 1153 1113 1216 haec
1154 1153 1332 1216 dixit
1364 1173 1536 1235 quae
1579 1152 1831 1217 nullam
1876 1155 2365 1221 dubitationem
2414 1161 2749 1242 suscipere

320 1267 648 1340 poterant,
695 1278 776 1321 eo
821 1259 1002 1340 quod
1063 1257 1277 1339 pietas
1337 1258 1472 1320 suis
1518 1259 1959 1323 sectatoribus
2006 1259 2366 1324 multorum
2420 1263 2746 1328 bonorum

318 1361 697 1445 largitatem
746 1371 1083 1445 praestare
1137 1363 1416 1424 uidetur.
1509 1370 1577 1424 et
1639 1372 1793 1446 post
1845 1363 2421 1430 confirmationem
2478 1389 2746 1432 suorum

315 1467 644 1530 dictorum
678 1467 917 1530 iterum
951 1466 1038 1530 ad
1071 1467 1492 1548 sequentiam
1524 1466 2018 1531 exhortationis
2049 1490 2209 1533 suae
2242 1473 2686 1537 conuertitur:

449 1620 521 1684 in
549 1619 664 1684 hoc
693 1619 964 1704 (inquit)
997 1620 1370 1684 laboramus
1397 1629 1460 1682 et
1493 1620 1973 1703 exprobramur‚
2003 1623 2311 1705 quoniam
2342 1626 2750 1708 sperauimus
2785 1655 2865 1704 10

321 1722 392 1786 in
449 1725 665 1789 Deum
725 1725 978 1800 uiuum,
1037 1724 1158 1806 qui
1208 1733 1306 1787 est
1359 1725 1662 1788 saluator
1714 1726 2005 1789 omnium
2053 1727 2410 1806 hominum,
2462 1731 2751 1796 maxime

300 1827 630 1910 fidelium.

451 1957 711 2040 ‘itaque
755 1979 908 2022 cum
956 1959 1173 2040 pietas
1207 1958 1420 2023 multa
1465 1957 1647 2022 bona
1687 1959 1900 2041 possit
1941 1961 2307 2042 prouidere,
2353 1981 2475 2026 nec
2507 1963 2746 2028 mirum

315 2071 417 2126 est
449 2081 572 2126 nos
603 2063 716 2145 qui
759 2061 1092 2125 credimus
1142 2061 1292 2124 Deo
1335 2081 1600 2143 semper
1639 2062 1903 2124 extanti
1950 2083 2071 2146 pro
2112 2083 2193 2126 eo
2236 2072 2304 2127 et
2347 2063 2647 2130 laborare
2678 2076 2747 2130 et

316 2166 706 2246 exprobrari
765 2185 888 2248 pro
932 2185 1066 2248 quo
1120 2173 1187 2227 et
1235 2163 1376 2246 pati
1423 2163 1755 2245 optimum
1806 2174 1923 2242 est,
1974 2186 2056 2229 eo
2117 2167 2297 2249 quod
2341 2169 2465 2231 scit
2511 2190 2745 2234 omnes
2783 2195 2853 2262 15

315 2269 572 2334 saluare
644 2290 764 2333 sua
815 2267 1164 2346 bonitate3
1241 2266 1548 2331 fidelibus
1601 2283 1769 2331 'uero
1829 2269 1921 2332 ob
1993 2269 2405 2335 alacritatem
2482 2273 2745 2337 animae

315 2391 544 2434 eorum
591 2372 794 2435 etiam
843 2370 1088 2434 multas
1137 2369 1261 2433 scit
1308 2379 1647 2452 praestare
1687 2371 2061 2435 mercedes.'
2151 2382 2220 2436 et
2258 2374 2577 2455 quoniam
2627 2396 2745 2458 per

316 2475 543 2538 omnia
565 2473 860 2538 ostendit
891 2471 1332 2537 necessarium
1364 2492 1509 2536 esse
1531 2471 1767 2536 horum
1794 2474 2087 2537 studium
2114 2482 2181 2538 et
2212 2485 2288 2539 ut
2309 2487 2746 2542 exerceantur

315 2579 400 2642 ad
463 2579 782 2660 pietatem
841 2586 1099 2641 ceteros
1159 2578 1494 2654 docenteS,
1571 2577 1850 2640 resumit
1907 2580 2360 2661 praepositam
2428 2580 2743 2645 exhorta-

316 2682 588 2759 tionem,
619 2682 912 2746 adiciens
944 2705 958 2745 z
2770 2718 2857 2765 20

427 2818 720 2901 praecipe
747 2818 900 2881 Ιιαει·
925 2827 990 2881 et
1014 2818 1175 2883 doce.

445 2960 577 3003 non
631 2938 937 3003 absolute
991 2940 1218 3020 posuit
1253 2940 1560 3023 praecipe,
1609 2941 1727 3005 sed
1791 2943 1970 3025 quod
2026 2946 2384 3009 conueniat
2432 2966 2586 3008 eum
2641 2944 2707 3008 in
2728 2982 2741 2993 ·

415 3121 437 3154 -1
477 3108 611 3172 quod
652 3122 773 3156 uero
811 3106 928 3169 (fhr
960 3123 1078 3156 nam
1113 3108 1271 3171 quod)
1307 3124 1338 3156 r
1579 3126 1606 3159 ἰ
1644 3111 1768 3159 dixit
1804 3110 1867 3174 νΙ
1898 3111 1939 3161 si
1977 3112 2049 3176 pii
2086 3128 2117 3159 r
2355 3130 2386 3174 4
2442 3113 2741 3163 et...adiecit

309 3205 387 3239 om
405 3205 437 3236 r
632 3201 659 3251 5
695 3187 856 3238 fidelis
873 3204 1054 3246 seme,
1079 3189 1258 3253 dignus
1283 3205 1314 3237 r
1507 3204 1538 3255 9
1573 3200 1622 3240 et
1650 3192 1720 3240 ait
1744 3192 1843 3255 (ast
1862 3193 2188 3255 conuertitur)
2211 3194 2317 3242 add
2333 3210 2366 3243 r
2572 3210 2631 3245 10
2664 3194 2739 3243 in-

308 3270 421 3333 quit
453 3286 532 3319 om
555 3286 587 3319 r
611 3266 630 3329 Ι.
651 3268 996 3319 maledicimur
1031 3269 1142 3333 (for
1177 3268 1431 3333 exprobr.)
1476 3269 1541 3334 r}
1570 3271 1690 3335 quia
1726 3272 1842 3336 (for
1875 3273 2133 3337 quoniam)
2179 3273 2224 3323 C
2239 3290 2270 3321 r
2564 3291 2622 3335 14
2646 3290 2739 3339 pro

313 3368 372 3402 ea
393 3354 462 3403 H
466 3370 498 3401 r
727 3363 782 3413 15
819 3368 912 3415 pro
949 3352 1087 3416 quod
1119 3352 1245 3400 CH
1262 3348 1271 3415 Ι
1301 3352 1493 3401 bonum
1518 3352 1633 3416 (sor
1652 3354 1781 3416 opt.)
1806 3354 1873 3403 H
2131 3364 2187 3415 ¹7
2221 3363 2315 3404 ost.
2346 3371 2436 3420 per
2476 3356 2647 3405 omnia
2676 3358 2744 3406 H

317 3434 375 3483 18
409 3439 482 3483 est
509 3430 624 3497 (for
657 3432 782 3497 esse)
813 3432 933 3481 CH
938 3448 972 3481 r
997 3429 1006 3495 1
1033 3439 1085 3482 et
1105 3446 1184 3480 om
1213 3432 1257 3481 C
1273 3432 1420 3495 (corr)
1712 3448 1773 3498 19
1790 3449 2045 3483 resumens
2073 3435 2117 3483 C
2136 3436 2283 3498 (corr)
2312 3432 2320 3498 Ι
2350 3435 2660 3499 propositam
2677 3437 2746 3485 H

313 3530 376 3565 ἰο
409 3515 561 3564 adicit
590 3514 635 3563 C
669 3521 718 3563 et
741 3513 824 3561 ad.
849 3529 882 3562 r

377 3677 422 3725 5.
475 3660 631 3725 fidele
663 3658 884 3720 uerbum]
952 3658 1017 3708 Ο.
1048 3658 1109 3707 L.
1146 3658 1246 3707 and
1289 3658 1462 3723 Vulg.,
1572 3657 1757 3722 ςόμεθα
1793 3659 1875 3719 (cs.
1928 3659 2085 3725 infin,
2136 3661 2171 3709 l.
2214 3660 2307 3723 15)·
2402 3661 2733 3723 Sperauimus

315 3742 522 3792 “fidelis
560 3738 776 3791 sermo.”
863 3740 944 3791 Cf.
995 3752 1057 3790 11.
1098 3757 1148 3806 p.
1195 3753 1272 3805 79,
1313 3742 1348 3793 1.
1391 3757 1468 3800 η.
1571 3738 1906 3800 (ἠλπίκαμεν),
1942 3755 2000 3789 so
2034 3740 2153 3805 Vig.
2178 3742 2357 3807 Taps.;
2394 3742 2457 3791 Ο.
2484 3740 2542 3790 L.
2581 3756 2730 3805 gene-

311 3830 446 3871 note.
1570 3820 1697 3883 rally
1716 3821 1816 3870 and
1840 3821 2013 3885 Vulg„
2044 3822 2081 3847 ‘⁴
2095 3820 2409 3885 speramuS.”

369 3902 420 3953 6.
486 3902 537 3951 h.
582 3918 622 3951 e.
659 3916 781 3950 uera
815 3902 932 3951 Ilaec
973 3902 1127 3965 dixit]
1195 3902 1274 3952 Cf.
1313 3915 1375 3952 11.
1412 3919 1464 3968 p.
1640 3916 1713 3966 14.
1780 3903 1886 3951 Dm
1911 3908 2097 3967 semper
2122 3903 2339 3965 extanti]
2405 3901 2480 3964 τῷ
2499 3901 2573 3952 ἀεὶ
2602 3904 2721 3965 ὄντι,

311 3996 390 4053 79,
435 3984 470 4035 l.
526 3994 601 4047 17,
647 3991 781 4035 note.
855 3985 953 4035 Th.
994 3984 1114 4035 here
1153 3984 1346 4050 applies
1382 3985 1468 4035 the
1569 3981 1642 4043 τῷ·
1658 3980 1808 4044 ἀϊδίῳ.
1855 3983 2042 4033 Thdt.:
2078 3983 2264 4034 ἀΐδιος
2293 3984 2387 4047 ’γὰρ
2416 3987 2520 4035 θεὸς
2548 3982 2727 4047 etvmo-

307 4066 520 4116 formula
575 4074 629 4115 to
672 4065 759 4115 the
802 4065 1074 4131 preceding
1126 4066 1306 4116 words.
1380 4065 1460 4115 Cf.
1570 4066 1707 4113 θετεῖ
1715 4067 1814 4116 τοῖς
1827 4062 2073 4115 ἀθλοῦσιν.

306 4145 525 4211 Thpht.:
552 4145 686 4194 ποῖος
711 4142 886 4207 λόγου
921 4142 996 4195 ὅτι
1027 4146 1106 4194 καὶ
1141 4141 1350 4194 ἐνταῦθα,
1386 4146 1464 4193 καὶ
1636 4163 1710 4214 19.
1778 4148 1989 4197 resumit
1997 4156 2171 4213 praep.
2209 4149 2345 4211 esch]
2413 4150 2505 4201 Le.
2533 4151 2723 4216 παράγ-

303 4228 407 4277 exe?
426 4225 456 4287 ἦ
477 4224 698 4289 εὐσέβεια
721 4223 916 4286 ὠφελεῖ.
1563 4231 1719 4287 γελλε
1760 4230 1903 4279 takes
1939 4244 2007 4294 up
2042 4227 2273 4299 γύμναζε,
2304 4246 2361 4281 as
2395 4248 2448 4292 γ.
2484 4231 2587 4283 had
2616 4249 2721 4285 suc·

374 4324 450 4360 ιο.
517 4309 895 4373 exprobrantur]
947 4309 1018 4361 So
1042 4308 1169 4360 Cod.
1198 4310 1464 4369 Boemer.-;
1563 4310 1749 4361 ceeded
1785 4317 1838 4360 to
1876 4308 2233 4371 ὑποτιθέμενος.
2320 4312 2419 4377 (Cf.
2459 4322 2633 4379 supra,
2668 4332 2719 4381 p.

300 4392 472 4457 vulg..
507 4390 962 4445 “maledicimur.'3
1041 4392 1158 4452 Th„
1195 4391 1234 4441 it
1269 4391 1373 4441 will
1396 4392 1460 4442 be
1568 4389 1677 4453 146,
1702 4391 1737 4439 1.
1764 4404 1810 4454 5,
1838 4393 1997 4453 note.)

299 4475 560 4533 observed‚
605 4475 724 4525 read
770 4472 1113 4534 ὀνειδιζόμεθα,
1153 4482 1242 4523 not
1284 4470 1458 4532 ἀγωνι-
1630 4488 1707 4524 2².
1780 4490 1879 4522 non
1918 4473 2133 4523 absolute
2156 4482 2213 4537 p.
2250 4475 2492 4539 ‘praecipe
2508 4474 2541 4536 ']
2578 4480 2591 4502 ‘
2609 4476 2715 4525 Not

2337 4590 2539 4637 10—2
