3250 5025
507 384 628 450 154
1167 383 1624 434 Tussononus
1672 381 2257 434 MOPSUESTENUS
2723 365 2831 451 [V.
2869 384 2921 447 3.

499 557 808 639 designat
849 559 1028 640 quod
1077 558 1144 620 in
1194 577 1618 620 communem
1668 557 2255 639 congregationem
2298 554 2614 618 ecclesiae
2663 554 2749 616 ab
2799 553 2927 616 illis

499 659 636 724 fieri
690 673 994 744 oportere
1040 662 1490 738 existimabat,
1545 661 1794 724 scilicet
1840 671 1915 724 ut
1947 662 2165 724 omnis
2211 661 2427 723 cultus
2468 661 2619 722 Deo
2660 658 2926 722 debitus

499 765 895 842 restituatur,
946 787 1097 829 cum
1145 766 1372 829 debita
1416 766 1778 848 gratiarum
1827 765 2107 842 actione,
2156 784 2329 847 quae
2377 765 2437 826 ei
2479 764 2758 827 debetur
2805 783 2928 845 pro

498 867 626 931 illis
662 891 833 952 quae
863 873 950 934 ab
979 893 1059 934 eo
1091 873 1249 934 data
1282 880 1436 934 sunt
1475 871 1683 934 nobis,
1772 880 1841 933 et
1882 872 2151 953 quidem
2191 870 2561 933 orationem
2602 867 2926 930 facientes

436 985 636 1052 snon
687 994 808 1054 pro
858 974 1050 1036 nobis
1101 974 1260 1054 ipsis
1314 974 1470 1035 solis
1525 972 1741 1036 facere
1791 974 2127 1049 debemuS,
2177 975 2293 1036 sed
2338 982 2407 1035 et
2452 991 2574 1053 pro
2614 970 2927 1033 omnibus

501 1076 894 1140 horninibus
988 1077 1165 1138 unde
1207 1085 1275 1138 et
1319 1077 1383 1137 in
1432 1076 1990 1158 subsequentibus
2034 1077 2403 1159 necessario
2442 1076 2645 1139 adicit
2695 1076 2927 1158 quales

503 1199 619 1241 eos
671 1201 816 1242 esse
868 1179 1224 1242 conueniat
1265 1180 1372 1242 uel
1423 1181 1489 1241 in
1536 1181 1677 1243 uita
1718 1179 1825 1243 uel
1870 1180 1934 1241 in
1977 1180 2269 1242 moribus
2314 1181 2423 1242 uel
2468 1181 2533 1243 in
2577 1173 2927 1242 Conuersa-

506 1284 732 1359 tione;
776 1295 844 1346 et
885 1283 1171 1364 primum
1204 1283 1475 1365 quidem
1524 1284 1590 1346 in
1635 1285 1975 1347 communi
2015 1293 2292 1346 naturae
2337 1284 2584 1346 adusus
2626 1293 2727 1346 est
2758 1283 2928 1345 diui-

503 1385 780 1460 sionem,
825 1385 956 1448 alia
1001 1386 1230 1448 dicens
1276 1385 1362 1448 ad
1411 1386 1913 1449 instructionem
1968 1387 2276 1462 uirorum,
2322 1385 2653 1449 instruens
2699 1384 2929 1467 quales

403 1507 481 1554 10
505 1508 620 1550 eos
669 1497 974 1569 oporteat
1019 1507 1180 1561 esse,
1232 1486 1362 1549 alia
1415 1508 1573 1550 uero
1619 1488 1704 1550 ad
1754 1489 2076 1551 mulieres,
2166 1489 2391 1570 sicque
2437 1509 2791 1551 commune
2834 1489 2927 1553 ad'

506 1612 740 1655 omnes
789 1612 985 1673 super
1031 1591 1389 1654 uirtutibus
1451 1592 1807 1673 implendis
1859 1593 2208 1655 consilium
2264 1594 2447 1655 uisus
2502 1602 2602 1656 est
2645 1593 2927 1656 dedisse.

505 1695 747 1758 deinde
777 1695 861 1757 ad
895 1695 1194 1757 ordinem
1225 1692 1478 1770 transit,
1511 1692 1661 1756 illos
1691 1694 1806 1776 qui
1836 1693 2151 1757 ecclesiae
2185 1695 2622 1758 ministerium
2656 1695 2931 1775 implere

505 1800 815 1862 uidentur
861 1806 1194 1879 reputanS,
1269 1797 1587 1878 quoniam
1663 1798 1994 1878 priuatam
2068 1795 2137 1859 hi
2215 1798 2558 1879 indigeant
2618 1796 2931 1860 exhorta-

505 1902 774 1978 tionem,
806 1922 887 1964 eo
918 1904 1098 1984 quod
1132 1904 1197 1964 in
1231 1922 1588 1966 commune
1618 1903 2022 1965 conueniens
2052 1900 2329 1964 ecclesia
2359 1922 2586 1965 eorum
2621 1902 2933 1984 impletur

404 2021 474 2089 15
508 2005 888 2080 ministeriO,
919 2014 987 2067 et
1018 2005 1160 2067 istis
1190 2006 1460 2087 quidem
1495 2004 1663 2066 bene
1705 2003 2067 2086 agentibus
2091 2003 2380 2068 multum
2409 2016 2690 2086 possunt
2722 2007 2925 2069 ceteri

508 2109 849 2188 adiuuari3
895 2129 932 2172 e
984 2111 1316 2173 contrario
1367 2110 1572 2172 etiam
1624 2110 1768 2173 istis
1824 2109 1935 2172 illa
1976 2130 2147 2192 quae
2199 2111 2610 2173 conueniunt
2658 2109 2931 2172 minime

507 2213 1034 2292 procurantibuS,
1093 2215 1379 2296 plurima
1439 2215 1841 2277 detrimenta
1903 2215 2128 2278 multis
2202 2215 2557 2277 uideantur
2630 2212 2932 2294 inrogari.

508 2316 687 2378 unde
740 2325 807 2383 et
859 2317 945 2379 de
997 2318 1400 2399 presbyteris
1450 2317 1737 2398 primam
1787 2317 2051 2381 uidetur
2104 2315 2336 2379 fecisse
2390 2318 2931 2399 disputationem,

509 2420 840 2482 instruens
885 2420 1114 2502 quales
1161 2441 1275 2482 eos
1320 2441 1466 2482 esse
1510 2429 1860 2502 oporteat;
1914 2421 2069 2483 dein
2116 2422 2200 2483 de
2245 2421 2654 2496 diaconibuS,
2698 2429 2933 2501 postea

399 2546 483 2596 20
509 2545 668 2587 uero
698 2526 782 2588 de
815 2526 972 2588 uiris
1010 2533 1076 2587 et
1124 2525 1525 2589 mulieribus,
1616 2535 1772 2606 post
1804 2526 2453 2588 consummationem
2504 2546 2663 2588 uero
2694 2524 2930 2587 horum

507 2627 593 2689 ad
635 2626 764 2689 hoc
808 2627 1308 2690 instructionem
1352 2646 1539 2688 suam
1583 2627 1982 2708 produxisse
2022 2626 2205 2689 uisus
2246 2636 2365 2702 est,
2396 2648 2599 2709 quam
2636 2636 2703 2691 et
2736 2628 2935 2691 inter-

507 2730 796 2812 positam
846 2738 914 2793 et
963 2731 1373 2793 interiectam
1423 2750 1568 2793 esse
1629 2731 1943 2794 diximus„
1990 2753 1995 2757 ·
2034 2730 2440 2793 conueniens
2500 2742 2726 2793 autem
2789 2738 2934 2793 erat

508 2839 662 2913 post
693 2851 1118 2894 communem
1150 2831 1688 2894 exhortationem
1721 2852 1932 2913 quam
1967 2833 2055 2895 ad
2096 2852 2331 2894 omnes
2372 2831 2606 2907 secisse
2650 2834 2931 2909 uidetur,

510 2942 579 2996 et
609 2936 873 3017 proprie
909 2936 993 2998 ad
1035 2935 1183 2999 illos
1220 2936 1332 3017 qui
1381 2935 1698 2999 ecclesiae
1744 2935 2155 3000 functionem
2198 2936 2472 3018 implere
2516 2936 2931 3009 uidebantur,

401 3060 478 3128 25
511 3039 911 3121 coniungere
963 3040 1166 3102 etiam
1217 3040 1328 3102 illa
1373 3060 1546 3121 quae
1598 3042 1685 3104 de
1738 3042 1958 3104 uiduis
2006 3042 2137 3105 dici
2185 3040 2672 3104 conueniebant
2698 3061 2715 3117 ;
2768 3062 2937 3123 quas

510 3142 714 3205 etiam
782 3142 848 3204 in
921 3162 1043 3205 suo
1096 3143 1328 3205 ordine
1384 3163 1751 3206 memorare
1814 3145 2257 3207 conueniebat
2326 3143 2415 3206 ob
2470 3143 2652 3206 illam
2714 3145 2936 3225 proui-

510 3246 808 3309 dentiam
855 3267 1058 3328 quam
1105 3267 1262 3329 erga
1312 3268 1426 3310 eas
1470 3249 1746 3331 implere
1778 3247 2149 3330 oportebat.
2241 3247 2395 3311 hinc
2438 3268 2615 3324 uer0,
2649 3256 2724 3311 ut
2766 3246 2935 3324 dixi,

509 3350 594 3412 ad
656 3351 1067 3431 propositam
1129 3351 1654 3413 interiectionem
1716 3351 1803 3413 ab
1864 3351 1978 3414 illa
2028 3370 2333 3433 egressus
2386 3360 2489 3413 est
2550 3349 2937 3432 sequentia;

615 3535 634 3569 1
672 3522 1002 3569 communiter
1023 3520 1208 3583 (forin
1229 3520 1436 3581 comm.)
1458 3522 1545 3570 Cr
1788 3537 1824 3585 3
1853 3520 1901 3571 ei
1921 3538 1999 3571 om
2022 3522 2091 3570 H
2326 3540 2357 3583 4
2391 3519 2596 3585 quidam
2620 3520 2663 3568 C
2668 3520 2735 3567 H
2742 3534 2755 3567 ε
2796 3535 2873 3567 om
2908 3535 2941 3567 r

512 3602 542 3649 8
575 3600 782 3650 adorsus
801 3601 914 3664 (for
928 3602 1131 3661 adusus)
1159 3601 1201 3650 C
1223 3602 1369 3661 (corr)
1399 3601 1410 3666 Ι
1437 3601 1685 3652 diuisione
1717 3603 1785 3651 H
1797 3618 1831 3650 r
1962 3617 2022 3651 10
2054 3601 2385 3651 communiter
2406 3616 2441 3650 r
2590 3616 2642 3650 11
2682 3616 2799 3648 usus
2824 3599 2939 3662 (fhr

510 3683 664 3742 uisus)
681 3684 748 3731 H
873 3697 929 3731 12
954 3698 1048 3732 nec
1071 3683 1332 3747 (begfeccl.)
1355 3684 1462 3731 add
1483 3684 1528 3732 C
1533 3682 1633 3733 *H
1650 3683 1657 3749 Ι
1688 3684 1889 3733 illorum
1911 3684 1997 3749 qui
2020 3700 2113 3733 nec
2136 3685 2258 3734 eccl.
2283 3699 2316 3731 r
2448 3698 2505 3746 ¹3
2528 3680 2738 3747 priuata.
2762 3682 2939 3730 exhor-

512 3764 700 3813 tatione
736 3764 780 3812 C
801 3763 948 3825 (corr)
1152 3776 1211 3827 19
1245 3779 1331 3813 eos
1354 3766 1526 3829 quales
1548 3766 1616 3813 H
1634 3763 1641 3829 Ι
1672 3765 1855 3814 deinde
1880 3764 1993 3829 (for
2013 3764 2132 3814 dein
2154 3764 2238 3825 de)
2262 3764 2331 3813 H
2337 3780 2370 3812 r
2564 3780 2621 3811 21
2661 3763 2758 3811 hoc
2780 3778 2857 3810 om
2883 3764 2950 3811 H

513 3863 575 3911 23
609 3847 874 3896 uidebatur
894 3847 963 3895 H
1215 3860 1279 3908 ²4
1311 3846 1542 3909 propriae
1569 3846 1611 3896 C
1638 3844 1645 3910 Ι
1677 3846 1972 3895 fructionem
2001 3845 2071 3895 C·
2096 3845 2381 3895 fruitionem
2404 3844 2472 3893 H
2490 3843 2497 3909 Ι
2529 3845 2803 3908 implebant
2830 3844 2944 3907 (sor

514 3930 654 3995 impl.
679 3930 808 3989 uid.)
830 3945 864 3977 r
1119 3926 1185 3978 26
1219 3928 1371 3977 etiam
1395 3936 1444 3977 et
1461 3930 1529 3977 H
1546 3926 1554 3993 Ι
1585 3929 1850 3977 memorari
1880 3929 1924 3977 C
1946 3926 2089 3991 (corr)
2120 3926 2127 3992 Ι
2159 3944 2250 3993 par
2272 3936 2375 3977 erat
2402 3926 2515 3990 (sor
2534 3925 2884 3987 conueniebat)
2910 3942 2944 3973 r

417 4045 424 4051 ”
515 4062 602 4110 the
633 4076 817 4110 comm.
841 4076 909 4109 on
949 4077 969 4110 1
1009 4060 1144 4109 Tim.
1179 4060 1234 4109 ii.
1266 4060 1304 4109 1.
1327 4076 1368 4109 c.
1403 4062 1477 4125 (p.
1503 4063 1580 4123 85,
1618 4060 1675 4109 11.
1842 4060 1930 4111 26.
1982 4060 2039 4109 ob
2068 4060 2211 4108 illam
2224 4056 2617 4123 prouidentiam,
2647 4054 2760 4116 &c.]
2825 4054 2937 4105 The

519 4146 687 4207 5—7).
755 4142 838 4192 On
875 4143 962 4191 the
1006 4140 1197 4191 rlsuml
1236 4142 1296 4192 of
1333 4158 1378 4192 c.
1424 4143 1481 4193 ii.
1531 4158 1552 4191 1
1594 4159 1669 4207 sq.
1777 4140 2001 4200 widows,
2050 4156 2107 4189 as
2150 4139 2445 4205 pensioners
2483 4136 2543 4186 of
2581 4138 2667 4186 the
2714 4134 2933 4194 Church,

517 4225 684 4275 which
707 4224 920 4282 follows,
943 4224 1009 4274 cf.⁸
1035 4237 1072 4273 1.
1096 4242 1148 4290 p.
1178 4226 1317 4275 lxvii.
1345 4225 1436 4287 (6).
1776 4221 1960 4271 should
2014 4222 2145 4271 have
2195 4220 2433 4270 followed
2495 4224 2613 4267 next
2669 4216 2795 4267 after
2851 4216 2938 4265 the

584 4307 631 4354 8.
734 4305 943 4365 adusus]
1033 4305 1113 4355 Cf.
1160 4318 1198 4355 1.
1249 4322 1301 4371 p.
1349 4320 1463 4370 307,
1508 4305 1542 4355 l.
1595 4320 1671 4362 12,
1778 4304 1981 4355 Church
2003 4304 2231 4365 officers;
2260 4320 2343 4355 see
2366 4303 2541 4360 above,
2570 4318 2623 4366 p.
2654 4316 2761 4363 153,
2790 4300 2823 4349 l.
2860 4316 2935 4363 ¹5,

515 4396 654 4437 note.
690 4398 693 4401 “
1776 4396 1911 4436 note.

583 4484 610 4517 α
623 4484 664 4517 1.
730 4468 802 4516 ad
817 4465 926 4528 hoc]
939 4488 980 4508 =
993 4466 1156 4516 adhuc
1182 4468 1314 4527 (ἔτι).
