3250 5025
474 305 608 372 172·
1139 307 1597 360 THEODORUS
1646 307 2233 360 MOPSUESTENUS
2466 292 2571 376 [V.
2604 309 2817 356 22—2
2829 307 2879 374 5.

462 479 605 542 sine
652 477 937 561 plurima
989 477 1420 561 probatione?
1510 488 1578 544 et
1628 479 1893 563 pondus
1946 481 2152 564 ipsius
2202 479 2457 562 negotii
2512 497 2721 562 graue
2774 497 2882 540 os·

463 580 764 658 tendenS,
797 582 1041 645 adiecit
1069 607 1082 646 :

594 728 789 791 neque
815 708 1387 774 communicamus
1397 709 1679 792 peccatis
1703 710 1953 777 aliems.

598 838 688 902 ‘si
739 838 1008 922 (inquit)
1057 849 1126 904 te
1176 849 1249 905 ut
1293 843 1608 905 conuenit
1654 842 1981 924 probante
2027 840 2137 905 ille
2182 840 2551 924 deliquerit,
2598 859 2735 904 non
2781 848 2885 904 est

402 944 433 1011 5
467 953 656 1007 tuum
689 947 977 1023 crimen3
1022 946 1078 1009 si
1109 966 1269 1010 uero
1314 955 1389 1010 tu
1422 945 1613 1010 facile
1655 957 1723 1011 et
1755 967 1889 1010 non
1936 966 2087 1009 curn
2132 955 2329 1009 cauta
2370 947 2764 1029 probatione
2796 945 2879 1007 ad

365 1061 372 1068 '
467 1050 956 1113 ordinationem
1006 1049 1332 1131 produci3‚
1385 1051 1719 1132 particeps
1766 1049 2037 1113 efficeris
2083 1050 2223 1113 eius
2268 1049 2686 1113 delictorum.
2774 1047 2884 1110 ille

467 1155 646 1217 enim
679 1174 801 1236 pro
832 1152 1072 1236 quibus
1116 1153 1492 1238 [peccauit],
1539 1156 1713 1218 iusta
1747 1156 2004 1218 ratione
2046 1155 2395 1237 punietur3
2446 1163 2519 1217 tu
2553 1173 2731 1228 uero,
2763 1172 2884 1234 pro

468 1259 709 1339 quibus
755 1279 888 1322 non
932 1269 1127 1322 caute
1166 1261 1448 1341 gessisti,
1495 1280 1618 1323 nec
1661 1259 2025 1343 perfectam
2070 1259 2321 1323 arbitrii
2370 1261 2509 1322 eius
2563 1258 2883 1340 colligens

469 1364 934 1445 probationem
998 1364 1082 1427 ad
1162 1365 1600 1429 ministerium
1679 1386 1832 1428 eum
1909 1364 2325 1447 produxisti?
2420 1373 2488 1428 et
2537 1361 2755 1427 adhuc
2816 1360 2884 1423 in

364 1488 444 1536 10
469 1467 777 1531 timorem
809 1486 962 1529 eum
994 1467 1303 1550 redigens
1334 1468 1619 1532 adiecit:

599 1619 868 1704 tezjosum
898 1629 1147 1684 castum
1175 1620 1438 1685 custodi.

599 1749 842 1813 deinde
873 1759 940 1812 et
973 1748 1084 1812 illa
1117 1770 1289 1832 quae
1320 1749 1407 1814 de
1438 1771 1520 1814 eo
1552 1759 1746 1814 erant
1775 1750 1979 1814 dicit:

599 1894 737 1958 noli
793 1895 1060 1979 (inquit)
1122 1895 1396 1960 ulterius
1450 1919 1695 1980 aquam
1755 1897 1979 1976 bibere,
2039 1897 2158 1961 sed
2210 1898 2363 1961 uino
2410 1897 2653 1962 modico
2712 1907 2891 1962 utere

455 2010 718 2083 propter
738 2000 1132 2065 stomachum
1165 2010 1351 2065 tuum
1378 2013 1442 2066 et
1452 2003 1825 2086 frequentes
1854 2012 2005 2065 tuas
2033 2003 2467 2086 infirmitates.

366 2137 437 2205 15
602 2130 874 2194 euidens
905 2141 1006 2195 est
1036 2132 1352 2214 quoniam
1387 2142 1454 2196 et
1495 2154 1695 2216 super
1723 2133 1849 2197 hoc
1889 2132 2241 2196 consilium
2284 2133 2378 2196 illi
2420 2132 2557 2204 dat,
2592 2152 2672 2196 eo
2704 2130 2884 2214 quod

471 2235 668 2297 ualde
718 2232 1049 2298 infirmum
1083 2257 1236 2298 eum
1275 2257 1549 2318 corpore
1590 2257 1738 2300 esse
1784 2235 2267 2319 perspiciebat;
2320 2236 2890 2319 contemplatione

471 2347 696 2400 autem
749 2339 1198 2401 continentiae
1259 2340 1477 2402 adhuc
1538 2361 1784 2422 aquam
1835 2341 2064 2404 bibere
2125 2341 2541 2422 persistebat.
2616 2351 2683 2406 et
2732 2343 2890 2425 quia

471 2443 848 2526 frequenter
899 2444 1175 2506 aliorum
1251 2465 1452 2507 causa
1512 2444 1673 2508 talia
1721 2446 1981 2527 agimus
2035 2455 2109 2509 ut
2158 2465 2242 2509 ne
2296 2446 2643 2509 uideamur
2692 2445 2889 2508 indis-

472 2546 755 2611 serentes
816 2569 959 2611 esse
1019 2569 1176 2631 erga
1237 2551 1828 2627 conuersationem,
1908 2571 2041 2613 non
2119 2552 2501 2632 ignorantes
2568 2552 2889 2632 quoniam

360 2662 447 2710 20
472 2650 586 2713 illa
631 2671 802 2732 quae
848 2651 933 2713 ad
983 2672 1173 2713 usum
1221 2652 1413 2715 nobis
1459 2652 1564 2714 uel
1599 2651 1776 2716 facta
1805 2662 1963 2716 sunt
2007 2652 2113 2716 uel
2160 2654 2887 2741 tributa-nequaquam

474 2775 594 2818 nos
626 2756 962 2836 insumpta
992 2756 1328 2836 potuerint
1360 2774 1611 2831 nocere,
1650 2755 1820 2818 bene
1851 2755 2137 2820 adiecit:

602 2887 1006 2971 quorundam
1041 2886 1378 2951 hominum
1407 2898 1667 2970 peccata
1720 2888 2079 2971 manifesta
2120 2897 2295 2967 sunt,
2324 2885 2770 2971 praecedentia
2820 2886 2891 2949 in

475 2990 786 3055 iudicium
809 3014 839 3065 ,·
875 2990 1186 3074 quosdam
1215 3001 1431 3055 autem
1459 3002 1522 3055 ct
1546 2993 2034 3074 subsequuntur.
2092 2991 2404 3055 similiter
2426 3002 2489 3055 et
2518 2990 2679 3053 bona
2709 3000 2895 3073 opera

475 3094 828 3177 manifista
854 3106 1024 3172 sunt,
1052 3106 1116 3158 et
1140 3117 1304 3179 quae
1327 3118 1394 3159 se
1420 3096 1617 3167 aliter
1642 3096 1880 3161 habent
1905 3097 2207 3161 abscondi
2234 3117 2359 3159 non
2376 3106 2671 3180 possunt.

575 3282 603 3317 2
637 3265 790 3315 adicit
819 3268 864 3317 C
882 3284 914 3315 r
1219 3279 1246 3330 7
1282 3268 1510 3332 peccauit
1533 3285 1610 3317 om
1642 3270 1687 3318 C
1704 3270 1772 3317 H
1784 3286 1818 3317 r
2110 3271 2140 3318 8
2172 3276 2319 3319 cauta
2340 3272 2566 3335 egessisti
2592 3268 2673 3318 C*
2720 3276 2897 3319 cautae

475 3364 633 3413 egess-
664 3350 708 3397 C
728 3348 874 3412 (cm)
920 3357 1096 3400 cautae
1117 3351 1313 3415 gessisti
1336 3352 1404 3401 H
1447 3362 1592 3401 caute
1615 3352 1765 3417 egisti
1787 3369 1820 3401 r
1844 3351 1851 3416 Ι
1882 3368 1947 3403 ne
1972 3352 2087 3416 (sor
2106 3354 2219 3413 nee)
2244 3354 2306 3403 H
2510 3368 2570 3403 10
2602 3353 2782 3403 timore
2802 3353 2869 3402 Η
2887 3352 2893 3415 Ι

477 3434 631 3483 adicit
659 3433 703 3482 C
719 3447 754 3482 r
973 3447 1025 3482 11
1064 3442 1190 3483 cust.
1215 3440 1336 3483 east.
1361 3450 1394 3483 r
1639 3450 1696 3498 13
1731 3434 1896 3499 inquit
1916 3451 1995 3485 om
2019 3452 2051 3483 r
2077 3432 2084 3497 Ι
2114 3435 2279 3486 adhue
2313 3436 2428 3499 (sor
2448 3435 2561 3497 ult.)
2586 3452 2619 3485 r
2837 3451 2895 3499 14

476 3524 590 3566 tuos
617 3513 694 3564 C*
899 3526 955 3577 17
989 3522 1158 3564 autem
1179 3532 1256 3564 om
1281 3516 1343 3564 Η
1531 3531 1588 3566 21
1630 3524 1866 3581 poterunt
1889 3534 1921 3565 r
1944 3516 1953 3581 Ι
1983 3518 2137 3568 adicit
2166 3520 2208 3567 C
2228 3535 2293 3567 r:
2326 3525 2408 3567 ext
2428 3519 2495 3567 Η
2507 3518 2533 3566 l
2737 3532 2795 3567 υ
2831 3517 2896 3567 ad

479 3597 592 3662 (for
611 3595 680 3662 in)
707 3614 741 3645 r
935 3614 996 3663 23
1029 3598 1158 3648 facta
1179 3600 1314 3648 bona
1338 3597 1452 3665 (sor
1470 3600 1521 3649 b.
1546 3598 1650 3665 op.)
1676 3617 1707 3649 r
1901 3615 1967 3665 ‘⁸4
1999 3601 2202 3652 ascendi
2230 3602 2275 3652 C
2280 3601 2311 3627 ⁴*

551 3765 625 3813 13.
692 3749 920 3811 ulterius]
946 3750 1011 3799 Ο.
1037 3750 1098 3799 L.
1144 3749 1245 3798 and
1283 3748 1453 3814 vulg„
1493 3750 1529 3773 “
1547 3748 1636 3798 ad-
1737 3751 1997 3817 ticipation
2022 3752 2083 3801 of
2110 3752 2197 3802 the
2228 3752 2357 3803 view
2386 3752 2504 3802 held
2542 3752 2611 3817 by
2644 3751 2732 3801 the
2760 3766 2897 3802 more

481 3832 636 3882 huc.”
1738 3834 1885 3884 sober
1922 3834 2097 3885 school
2128 3834 2191 3884 of
2220 3835 2429 3884 modern
2462 3834 2753 3893 abstainers,
2797 3834 2897 3883 and

551 3926 626 3976 ¹5·
691 3930 739 3963 oo
760 3912 892 3979 quod
907 3915 1052 3963 ualde
1083 3914 1368 3979 infirmum,
1391 3914 1504 3976 &c.]
1553 3912 1652 3965 Cf.·
1738 3914 1825 3963 the
1854 3929 1996 3964 more
2020 3914 2338 3979 noteworthy
2358 3930 2413 3964 as
2446 3915 2651 3979 coming
2680 3914 2810 3963 from
2842 3929 2898 3963 so

478 3996 670 4061 Thpht.
703 3996 847 4057 (aster
871 3998 1100 4061 Chrys.):
1137 3998 1269 4046 δοκεῖ
1295 3997 1348 4044 δὲ
1381 3998 1460 4045 καὶ
1493 3998 1641 4057 φύσει
1736 4002 1873 4047 stout
1906 4012 1970 4047 an
1993 4005 2254 4062 opponent
2278 3996 2337 4047 of
2365 3996 2781 4046 Manichaeanism
2807 3996 2891 4056 (ef.

479 4081 697 4129 ἐτίνοσος
737 4080 852 4129 εῖναι
890 4082 916 4128 ὸ
959 4077 1200 4137 Τιμόθεος,
1237 4080 1294 4128 οὗ
1329 4076 1474 4135 μόνον
1509 4078 1639 4128 κατὰ
1738 4084 1883 4127 notes
1906 4094 1973 4127 on
1992 4090 2069 4128 1v.
2101 4076 2162 4143 1).

475 4165 563 4211 τὸν
585 4158 854 4223 στόμαχον,
885 4164 1016 4211 ἀλλὰ
1039 4164 1118 4211 καὶ
1140 4164 1204 4211 τὰ
1225 4162 1358 4211 ἄλλα,
1379 4164 1516 4223 μέρη.
1809 4174 1887 4211 22.
1959 4160 2019 4210 in
2063 4160 2334 4223 iudicium]
2389 4161 2457 4210 ets
2494 4160 2664 4223 κρίσιν.
2741 4158 2806 4210 Ο.
2832 4159 2891 4209 L.

549 4242 624 4293 16.
707 4245 1106 4307 contemplatione
1108 4284 1225 4295 ......
1230 4260 1346 4310 erga
1399 4246 1640 4309 comens]
1740 4242 1841 4292 and
1859 4241 2032 4306 Vulg.,
2062 4242 2179 4291 “ad
2214 4238 2510 4291 iudicium.”
2573 4240 2721 4289 Bona
2736 4247 2894 4305 opera,

480 4325 632 4376 Cited
655 4325 722 4389 by
746 4324 1012 4375 Lanfranc.
1740 4338 1797 4373 so
1823 4322 2100 4385 Ambrstr.;
2137 4322 2309 4389 Vulg„
2340 4322 2517 4374 “sacta
2536 4320 2724 4374 bona.”

548 4420 622 4472 17.
688 4414 734 4457 et
765 4408 901 4473 quia,
933 4407 1048 4469 δια]
1095 4408 1144 4457 Α
1191 4408 1504 4459 remarkable
1547 4423 1636 4458 an·
