3250 5025
534 338 655 420 198
1192 344 1648 399 THEODORUS
1695 344 2282 399 MOPSUESTENUS
2646 331 2727 417 [Ι.
2753 351 2818 419 9,
2853 348 2953 402 10.

529 517 696 581 tione
720 524 961 594 sancta,
993 535 1120 579 non
1157 514 1502 581 secundum
1539 526 1725 600 opera
1763 525 2004 595 nostra,
2042 515 2164 581 sed
2191 516 2540 583 secundum
2577 540 2774 585 suum
2787 530 2946 604 pro-

516 619 805 704 positum
833 630 897 684 et
910 620 1237 703 gratiam.

660 767 897 831 similis
937 775 1041 832 est
1084 776 1311 831 autern
1347 766 1517 831 haec
1551 766 1811 849 species
1853 766 2255 832 narrationis
2297 788 2435 852 qua
2478 767 2698 833 dixit:
2741 788 2956 833 secun-

531 878 693 943 dum
721 880 1033 943 uirtutem
1061 878 1209 957 Dei,
1238 876 1336 942 illi
1371 878 1652 943 dictioni
1693 899 1900 962 quam
1945 880 2253 943 dixerat:
2299 879 2649 944 secundum
2666 881 2956 964 promis-

473 1002 504 1068 5
532 983 772 1048 sionem
802 983 979 1046 uitae
1018 1002 1181 1066 quae
1217 991 1313 1047 est
1351 982 1422 1046 in
1472 981 1728 1049 Christo
1754 981 1922 1059 Iesu,
1953 983 2137 1066 quod
2180 984 2246 1047 in
2280 983 2698 1065 praefatione
2731 985 2958 1068 posuit

533 1088 729 1153 huius
770 1087 1109 1169 epistolae.
1200 1088 1372 1151 sicut
1410 1096 1640 1151 autem
1679 1087 1814 1151 illic
1851 1088 2200 1151 secundum
2233 1086 2730 1171 promissionem
2783 1087 2960 1151 uitae

536 1191 713 1268 dicit,
772 1189 903 1253 hoc
960 1200 1187 1255 autem
1249 1191 1381 1255 ait:
1467 1190 1900 1274 ‘promissam
1959 1190 2156 1254 uobis
2216 1190 2426 1254 uitam
2485 1200 2748 1254 creatus
2807 1212 2956 1256 sum

536 1292 882 1377 apostolus
930 1302 1005 1358 ut
1056 1293 1232 1358 hanc
1281 1294 1736 1377 praedicarem
1763 1294 1804 1374 3’
1865 1294 1962 1357 sic
2005 1302 2076 1359 et
2119 1293 2250 1357 hoc
2302 1295 2372 1358 in
2418 1294 2568 1359 loco
2609 1295 2958 1359 secundum

536 1395 849 1459 uirtutem
887 1396 1152 1480 (inquit)
1194 1398 1541 1463 Dei——hoc
1582 1407 1704 1473 est,
1755 1400 1772 1430 ‘
1795 1418 1914 1481 per
1955 1400 2272 1464 uirtutem
2319 1400 2450 1463 Dei
2471 1397 2696 1482 '—-qui
2740 1400 2959 1465 saluos

436 1524 515 1572 10
520 1498 693 1583 fecit
746 1520 875 1564 nos,
970 1506 986 1534 ‘
1008 1501 1309 1567 adnitere
1358 1524 1518 1586 ergo
1570 1510 1640 1567 et
1699 1502 1936 1567 labora
1993 1511 2063 1566 et
2115 1503 2538 1585 passionibus
2585 1512 2656 1567 te
2703 1504 2952 1582 subice,

537 1615 616 1671 ut
674 1605 985 1669 omnibus
1038 1614 1111 1669 tu
1164 1605 1252 1668 ad
1309 1604 1620 1669 notitiam
1671 1604 1931 1669 deferas
1981 1604 2098 1668 illa
2145 1625 2319 1689 quae
2377 1625 2502 1689 pro
2562 1607 2754 1671 nobis
2801 1616 2961 1671 sunt

539 1706 961 1791 dispensata!
1048 1706 1198 1771 uult
1242 1717 1470 1772 autem
1528 1707 1753 1772 dicere
1805 1707 2124 1790 quoniam
2174 1712 2191 1741 ‘
2217 1728 2538 1792 magnum
2601 1719 2706 1775 est
2757 1732 2960 1777 euan-

536 1812 827 1896 gelium3
914 1813 1125 1876 uirtus
1194 1822 1419 1877 autem
1486 1820 1590 1877 est
1637 1811 1766 1876 Dei
1839 1811 1907 1875 in
1977 1833 2078 1892 e0,
2147 1813 2261 1897 qui
2334 1812 2623 1880 saluauit
2692 1837 2816 1881 nos
2888 1825 2960 1897 et

537 1917 809 1982 uocauit
861 1916 933 1980 in
980 1916 1578 1982 sanctificationem
1640 1927 1709 1982 et
1766 1916 1836 1981 in
1902 1916 2418 2001 incorruptelam
2482 1920 2672 1985 illam
2752 1943 2956 2005 quam

437 2044 509 2111 15
540 2030 1017 2105 expectamus3
1082 2024 1263 2106 quod
1318 2031 1387 2087 et
1434 2023 1592 2088 fecit
1639 2043 1777 2086 non
1834 2023 1925 2087 ob
1985 2032 2286 2087 nostrum
2337 2022 2649 2088 meritum
2695 2026 2814 2089 sed
2866 2028 2956 2091 ob

539 2144 730 2188 suam
826 2125 1379 2194 misericordiam?
1468 2126 1608 2191 tale
1682 2134 1787 2191 est
1859 2127 2025 2191 illud
2097 2128 2278 2212 quod
2363 2128 2618 2194 dictum
2696 2139 2800 2194 est
2871 2132 2958 2195 ad

540 2228 928 2295 Romanos:
990 2251 1102 2295 nec
1143 2242 1361 2296 autem
1398 2231 1684 2295 erubesco
1723 2231 2147 2315 euangelium,
2187 2230 2404 2295 uirtus
2437 2241 2652 2295 autem
2699 2231 2835 2295 Dei
2863 2244 2962 2296 est

540 2330 611 2396 in
646 2334 920 2398 salutem
958 2336 1144 2399 omni
1180 2335 1471 2402 credenti.
1563 2336 1820 2401 ‘labora
1868 2356 2028 2419 ergo
2070 2336 2270 2420 digne
2312 2355 2434 2419 pro
2469 2337 2958 2419 'magnitudine

538 2439 1015 2523 promissorum
1070 2440 1434 2506 bonorum.'
1523 2440 1768 2506 deinde
1818 2442 2180 2506 ostendens
2229 2438 2560 2524 euangelii
2614 2440 2958 2524 magnitu-

430 2570 518 2620 20
540 2542 787 2625 dinem,
819 2548 1021 2611 etiam
1054 2548 1140 2612 de
1171 2548 1573 2630 antiquitate
1602 2547 1753 2611 uult
1782 2546 1945 2610 illud
1979 2544 2346 2624 extollere3
2389 2546 2485 2610 ait
2515 2544 2735 2608 enim:

654 2703 817 2766 quae
846 2683 1005 2747 data
1032 2694 1129 2747 est
1159 2683 1342 2747 nobis
1381 2683 1450 2747 in
1487 2681 1742 2749 Christo
1771 2683 1918 2746 Iesu
1947 2691 2100 2745 ante
2128 2690 2410 2763 tempora
2438 2689 2714 2756 aetema,
2745 2675 2960 2742 mani-

1539 2853 1566 2905 7
1599 2840 1700 2891 hoc
1722 2846 1890 2891 autem
1913 2848 1967 2890 ut
1996 2841 2039 2890 C
2056 2841 2126 2889 H
2201 2839 2299 2889 hoc
2321 2847 2396 2890 est
2418 2845 2474 2889 ut
2496 2831 2534 2888 r⁴
2721 2839 2752 2887 8
2787 2837 2839 2887 in
2860 2838 2960 2887 hoc

538 2921 653 2972 loco
682 2923 769 2972 Cr
959 2937 992 2988 9
1026 2922 1261 2971 uirtutem
1286 2920 1379 2986 (ιο)
1403 2939 1482 2972 om
1503 2923 1574 2973 H
1755 2938 1815 2974 10
1846 2921 1988 2972 subie
2012 2919 2118 2985 (sic)
2142 2921 2206 2970 H
2375 2936 2430 2970 11
2466 2926 2518 2968 te
2543 2915 2659 2984 (sor
2676 2916 2752 2983 tu)
2794 2918 2961 2969 C*H:

538 3021 617 3055 om
640 3020 673 3054 r
696 3001 704 3068 Ι
735 3001 928 3052 deferes
954 2999 1031 3051 C·
1089 3001 1301 3052 defferas
1323 3003 1392 3052 H
1533 3017 1594 3065 ¹4
1626 3003 1680 3052 in
1703 3002 2097 3053 sanctificatione
2119 3009 2170 3052 et
2191 3002 2244 3052 in
2267 3001 2602 3066 incorruptela
2623 3001 2764 3051 illam
2786 3002 2854 3051 H
2911 3003 2966 3052 in

538 3101 579 3135 s.
604 3092 654 3134 et
678 3085 730 3132 in
752 3083 850 3132 inc.
876 3081 965 3131 illa
986 3097 1021 3130 r
1218 3096 1274 3146 ¹7
1310 3083 1445 3132 enim
1470 3082 1587 3149 (for
1605 3090 1776 3133 autem
1799 3081 1890 3148 bis)
1915 3100 1949 3134 r
2194 3099 2262 3134 ao
2295 3091 2345 3133 et
2367 3085 2522 3134 etiam
2544 3099 2578 3133 r
2816 3099 2875 3134 21
2915 3091 2967 3134 et

538 3166 753 3233 gratiam
778 3161 1041 3233 (bqsquae)
1064 3163 1171 3213 add
1186 3182 1220 3215 r
1242 3163 1252 3230 Ι
1282 3165 1414 3215 datis
1435 3167 1504 3216 H
1518 3165 1531 3232 Ι
1560 3166 1834 3217 saecularia
1865 3181 1933 3218 m.
1961 3170 2038 3216 est
2069 3183 2118 3216 a.
2151 3181 2287 3216 nunc
2317 3181 2408 3231 per
2441 3164 2857 3216 iUuminationem
2890 3182 2925 3215 r

636 2858 669 2903 4
703 2840 1097 2905 propositionem
1126 2839 1206 2891 C*
1223 2842 1287 2890 H
1293 2856 1327 2890 r

608 3337 656 3387 3.
742 3317 927 3369 similis
982 3326 1067 3381 est,
1124 3319 1243 3384 &cd
1306 3325 1319 3349 ‘
1336 3322 1414 3372 As
1468 3319 1523 3371 in
1576 3337 1626 3374 v.
1677 3337 1700 3372 1
1805 3327 1860 3372 to
1895 3321 2026 3372 have
2061 3320 2224 3372 arisen
2245 3319 2374 3370 from
2397 3335 2430 3369 a
2450 3317 2712 3370 confusion
2734 3319 2964 3369 between

542 3397 986 3455 ἅπόστολος...κατ’
1030 3402 1340 3465 ἐπαγγελίαν
1372 3419 1546 3454 means
1591 3406 1702 3454 “an
1803 3419 1970 3454 verses
1998 3416 2018 3451 ι
2047 3404 2148 3453 and
2171 3417 2220 3468 9.

540 3484 738 3550 apostle
749 3481 990 3533 ordained
1008 3488 1061 3532 to
1074 3482 1317 3547 proclaim
1332 3483 1419 3534 the
1431 3483 1701 3548 promise,”

540 3585 599 3619 so
619 3567 741 3618 bere
770 3566 897 3616 κατὰ
932 3567 1129 3626 δύναμιν
1156 3566 1201 3616 is
1221 3572 1276 3616 to
1297 3568 1361 3616 be
1378 3567 1555 3631 joined
1576 3567 1700 3616 with

543 3648 835 3713 εὐαγγελίῳ,
863 3646 950 3698 the
970 3663 1115 3698 sense
1134 3647 1319 3712 being:
1350 3651 1382 3674 “
1398 3647 1484 3698 the
1508 3647 1700 3712 Gospel

541 3731 709 3781 which
746 3731 790 3778 is
823 3727 1185 3793 accompanied
1222 3729 1292 3792 by
1328 3729 1430 3778 and
1469 3737 1701 3794 operatas

541 3810 759 3876 through
810 3809 897 3860 the
951 3825 1123 3875 power
1164 3808 1226 3859 of
1269 3807 1471 3861 God.”’
1554 3807 1701 3860 Th.’s

542 3894 778 3958 meaning
812 3890 855 3942 is
892 3890 1138 3941 obscured
1166 3891 1235 3956 by
1264 3892 1351 3941 the
1384 3892 1696 3954 translation,

541 3976 709 4027 which
762 3975 817 4024 in
872 3973 907 4024 l.
960 3989 993 4040 9
1042 3974 1226 4024 should
1276 3975 1527 4039 probably
1568 3976 1703 4026 have

539 4059 671 4109 been
691 4076 705 4108 :
734 4059 823 4107 hoc
841 4063 923 4116 est,
959 4057 1114 4121 ‘quod
1126 4063 1197 4106 est
1206 4065 1305 4122 per
1323 4055 1416 4119 [τῷ
1446 4057 1584 4120 διὰ],’
1604 4059 1698 4109 ἃς.

542 4142 679 4191 That
716 4141 802 4190 the
834 4139 975 4204 point
1009 4139 1069 4189 of
1098 4139 1178 4190 his
1204 4140 1403 4190 remark
1432 4139 1475 4190 is
1505 4140 1642 4190 what
1674 4140 1701 4189 Ι

540 4223 671 4274 have
714 4221 895 4278 stated,
936 4235 1097 4271 seems
1132 4222 1267 4270 clear
1302 4221 1432 4270 from
1468 4221 1504 4271 1.
1550 4237 1609 4286 13
1624 4237 1701 4287 sq.

542 4305 635 4355 Au
672 4304 759 4354 the
793 4303 938 4353 other
977 4303 1079 4354 Gk.
1112 4309 1503 4354 commentators
1539 4304 1704 4369 prefer

541 4396 597 4440 to
618 4393 832 4436 connect
853 4387 980 4435 κατὰ
1002 4387 1043 4434 δ.
1066 4384 1189 4434 with
1214 4385 1677 4447 σνγκακοπάθησον.

612 4467 997 4532 Propositionem
1030 4465 1133 4533 (see
1164 4483 1245 4516 vv.
1280 4466 1353 4525 u..
1378 4467 1411 4518 1.
1442 4466 1495 4531 4)
1539 4483 1704 4518 seems

1877 3484 1948 3536 16.
1971 3485 2070 3534 tale
2081 3491 2152 3534 cst
2167 3484 2311 3544 illud,
2328 3481 2445 3545 δια]
2471 3483 2624 3532 Rom.
2641 3482 2675 3532 i.
2694 3479 2771 3543 16,
2783 3481 2966 3547 Vulg.;

1803 3563 1890 3615 the
1926 3563 2248 3614 substitution
2288 3562 2349 3612 of
2393 3570 2558 3612 autem
2601 3561 2680 3612 for
2731 3565 2765 3588 “
2781 3561 2918 3612 enim
2932 3560 2964 3584 ”

1803 3645 1915 3706 (bis)
1947 3643 1992 3694 is
2021 3644 2270 3709 probably
2291 3659 2324 3693 a
2351 3659 2488 3694 mere
2518 3643 2738 3692 incuria.
2799 3643 2956 3694 Thdt.

1800 3726 1925 3776 cites
1953 3725 2040 3775 the
2073 3741 2209 3776 same
2241 3739 2382 3774 verse
2413 3732 2469 3774 to
2505 3725 2750 3773 illustrate
2779 3721 2850 3782 μὴ
2881 3717 2965 3772 οὖν

1799 3809 2032 3870 &atax-3
2065 3808 2162 3858 Th.
2189 3807 2319 3858 finds
2351 3823 2383 3857 a
2415 3807 2606 3857 further
2633 3805 2842 3870 parallel
2876 3806 2962 3855 be·

1800 3897 1963 3942 tween
2001 3889 2192 3950 δύναμις
2228 3891 2328 3953 γὰρ
2364 3890 2476 3938 θεοῦ
2504 3890 2639 3940 ἐστίν
2675 3891 2781 3940 and
2817 3892 2964 3954 εὐαγ-

1799 3975 2143 4036 γελίῳ...κατὰ
2165 3974 2360 4032 δύναμιν
2381 3975 2506 4022 θεοῦ.

1872 4071 1946 4124 19.
2015 4056 2264 4122 euangelii
2295 4056 2711 4120 magm'tudinem,
2751 4054 2867 4118 δια]
2914 4057 2966 4108 Α

1799 4137 2044 4189 favoni-ite
2071 4138 2212 4204 topic
2231 4138 2357 4188 with
2389 4137 2518 4198 Th.;
2553 4153 2636 4188 see
2665 4137 2746 4187 his
2774 4153 2959 4190 comm.

1800 4236 1870 4270 on
1893 4221 2025 4286 Eph.
2051 4221 2087 4269 i.
2112 4236 2141 4285 3
2165 4236 2261 4286 sq„
2285 4219 2610 4285 particularly
2631 4220 2718 4270 the
2741 4219 2966 4270 remarks

1800 4318 1870 4352 on
1889 4319 2054 4354 verses
2076 4301 2207 4368 4-6
2233 4301 2288 4366 (1.
2311 4318 2400 4368 pp.
2431 4301 2726 4364 παπ-125).

1867 4401 1950 4436 21.
2013 4393 2230 4450 tempora
2265 4386 2484 4445 aeterna]
2541 4385 2612 4435 So
2635 4386 2804 4450 Aug.;
2837 4385 2966 4436 Am-

1797 4468 1967 4530 brstr„
1989 4468 2162 4534 Vulg.⁹
2182 4469 2221 4496 ‘⁴
2230 4476 2268 4519 t.
2285 4463 2614 4519 saecularia-’⁹
2669 4467 2768 4520 See
2792 4467 2896 4520 Tit.
2926 4480 2967 4518 1.
