3250 5025
283 381 334 446 Ι.
379 400 473 465 19,
508 380 640 465 20.]
986 394 1068 444 IN
1121 394 1224 445 ΕΡ.
1271 395 1372 444 AD
1420 393 1885 445 TIMOTHEUM
1936 393 1982 444 1.
2620 379 2699 458 83

280 566 520 631 inferre
581 576 810 631 nostro
867 568 1217 632 consueuit
1275 567 1564 645 arbitriO,
1643 587 1725 631 eo
1784 567 1964 650 quod
2028 586 2151 629 nec
2214 564 2457 629 Iudam
2511 566 2701 648 praui

278 670 530 735 arbitrii
603 682 955 736 extantem
1009 673 1246 737 electio
1317 674 1570 757 aliquid
1633 672 1856 755 potuit
1916 670 2249 734 adiuuare.
2341 671 2701 751 ‘permane

277 795 436 857 ergo
467 775 696 840 firmus
729 776 794 839 in
827 776 1362 859 dogmate—hoc
1392 787 1621 842 autem
1656 776 1837 851 dicit,
1866 773 2327 857 kabensfidem
2356 794 2503 836 cum
2535 772 2699 835 bona

279 877 814 941 conscientia—in
869 878 999 941 illis
1045 899 1464 955 conuersanS,
1512 880 1606 942 ita
1652 887 1728 941 ut
1773 898 1897 941 nec
1943 886 2015 941 tu
2065 878 2206 958 ipse
2251 874 2699 940 transducaris

278 990 345 1043 et
376 980 542 1043 alios
573 981 814 1044 docere
843 1001 978 1043 non
1025 982 1272 1063 pigeaS,
1307 982 1570 1044 etiamsi
1617 990 1687 1044 te
1728 980 1978 1062 aliquid
2028 980 2168 1061 pati
2215 999 2336 1061 pro
2382 979 2510 1041 illis
2541 1000 2697 1042 con-
2770 991 2805 1059 5

277 1084 548 1148 uenerit.
638 1082 766 1145 hoc
814 1084 994 1146 enim
1043 1102 1364 1165 magnum
1425 1083 1547 1146 tibi
1609 1082 1991 1164 prouidebit
2051 1083 2362 1144 iuuamen
2426 1090 2494 1145 et
2541 1102 2697 1144 con-

277 1175 631 1268 sequente?
675 1186 945 1268 eligenti
993 1187 1160 1250 istae
1205 1184 1496 1269 gratiae.'
1585 1196 1656 1249 et
1700 1187 2063 1250 ostendens
2095 1196 2349 1268 quanta
2390 1186 2477 1249 sit
2518 1186 2698 1247 noci-

276 1288 518 1366 bilitas,
553 1290 606 1351 si
639 1310 776 1352 non
807 1290 1056 1354 bonam
1091 1311 1250 1373 erga
1277 1292 1602 1373 dogmata
1633 1291 1939 1354 habuerit
1969 1290 2463 1366 conscientiam,
2497 1290 2630 1353 ait:

403 1461 600 1522 quam
630 1440 898 1522 quidam
930 1442 1283 1525 repellentes
1309 1464 1464 1525 erga
1477 1443 1689 1527 fidem
1720 1443 2311 1525 naufragauerunt.

407 1568 985 1633 inconuenientem
1033 1570 1305 1653 quidem
1344 1571 1430 1634 de
1477 1571 1603 1635 illis
1647 1570 2123 1635 conscientiam
2169 1569 2511 1645 habenteS,
2556 1590 2696 1631 sus·
2729 1584 2807 1631 10

273 1670 595 1753 cipientes
627 1692 786 1735 uero
818 1672 1344 1735 aduersariorum
1379 1674 1770 1749 doctrinam,
1794 1680 1991 1736 extra
2015 1671 2219 1735 fidem
2250 1681 2410 1735 sunt
2442 1671 2698 1749 effecti3

273 1794 395 1855 per
441 1784 664 1855 partes
711 1784 939 1839 autem
988 1776 1172 1839 dubii
1224 1786 1558 1857 extanteS‚
1603 1778 1691 1841 ab
1743 1778 1928 1841 omni
1982 1786 2139 1840 sunt
2183 1777 2434 1861 pietate
2480 1777 2695 1839 exteri

271 1878 730 1943 demonstrati.
821 1888 890 1943 et
945 1888 1022 1944 ut
1084 1882 1299 1945 maius
1343 1901 1498 1945 eum
1557 1881 1624 1945 in
1680 1881 1919 1945 timore
1974 1882 2247 1963 redigat,
2296 1879 2693 1943 nominatim

273 1990 681 2045 memoratus
713 1991 814 2047 est
845 2002 1075 2046 eorum
1106 1982 1220 2066 qui
1251 1984 1419 2047 tales
1451 1984 1732 2062 suerunt,
1767 2005 1937 2067 quos
1969 1984 2075 2047 uel
2108 1983 2412 2048 maxime
2441 1982 2697 2046 sciebat

272 2094 536 2165 praeter
565 2095 820 2148 ceteros
852 2086 920 2149 in
951 2087 1241 2150 deterius
1273 2087 1634 2169 serpsisse:
2729 2097 2801 2165 15

396 2238 476 2280 ex
498 2218 730 2300 quibus
757 2228 853 2295 est
882 2218 1149 2301 (inquit)
1181 2218 1596 2300 Hymenaeus
1625 2229 1689 2283 et
1713 2210 2109 2283 Alexander.

269 2353 342 2409 et
373 2346 532 2428 quid
565 2345 650 2408 de
682 2345 810 2409 illis
840 2353 1106 2427 gestum
1141 2355 1244 2410 est
1270 2346 1294 2410 Β

401 2500 559 2563 quos
588 2478 845 2545 tradidi
873 2481 1168 2546 Satanae
1197 2490 1274 2544 ut
1299 2480 1556 2546 discant
1583 2502 1711 2546 non
1742 2482 2186 2566 blasphemare.

405 2611 562 2654 nam
608 2592 787 2674 quod
851 2591 1052 2654 dicit:
1115 2590 1374 2653 tradidi
1417 2589 1727 2670 Satanae,
1774 2592 1901 2655 hoc
1948 2601 2067 2669 est,
2118 2588 2531 2655 ‘abalienaui
2577 2608 2693 2650 eos

371 2747 398 2781 2
433 2747 723 2797 permanere
746 2749 778 2782 r

263 2812 436 2863 bilitas
463 2813 585 2862 CH
637 2811 925 2877 ignobilitas
946 2828 979 2861 r

271 2892 333 2942 16
370 2893 662 2958 Hymenius
689 2894 734 2943 C

265 3013 354 3076 τῆς
396 3017 608 3077 ἐκλογῆς
642 3015 822 3064 σαυτὸν
857 3015 989 3075 ἄξιον
1035 3015 1304 3074 ἀποφῆναι,
1350 3016 1432 3064 καὶ

264 3097 373 3147 ταῖς
395 3095 710 3160 προφητείαις
731 3097 966 3144 ἐπιθεῖναι
987 3093 1046 3143 τὸ
1071 3093 1234 3158 πέρας.

334 3189 380 3238 5.
441 3175 634 3239 pigeas]
694 3175 776 3224 Cf.
815 3187 854 3223 1.
889 3191 942 3239 p.
985 3189 1063 3237 23,
1104 3175 1140 3225 1.
1193 3187 1238 3237 5,
1288 3183 1422 3226 note.

267 3258 370 3306 For
413 3257 654 3307 iuuamen
697 3255 752 3318 (l.
777 3255 844 3320 6),
889 3273 972 3306 see
1013 3257 1236 3315 Ronsch,
1271 3257 1423 3317 Itala,

263 3355 318 3404 p.
359 3351 456 3402 273
501 3339 603 3389 and
637 3338 713 3388 sor
753 3339 1044 3395 nocibz‘laltas,
1078 3353 1125 3389 v.
1168 3346 1338 3403 supra,
1383 3349 1420 3387 1.

264 3437 316 3486 p.
342 3432 420 3484 27,
441 3421 479 3470 1.
508 3433 586 3484 27.

329 3500 378 3551 6.
446 3507 493 3550 et
521 3508 859 3566 con-sequemet·
877 3501 1093 3564 eligam]
1145 3501 1232 3561 Et,
1261 3499 1426 3550 which

260 3597 424 3632 seems
462 3581 787 3646 superfluous,
828 3581 919 3630 has
948 3581 1174 3646 possibly
1195 3583 1324 3631 been
1350 3581 1424 3630 in·

261 3662 428 3712 serted
457 3662 584 3712 aster
611 3662 696 3711 the
725 3663 820 3711 last
847 3662 1058 3726 syllable
1091 3663 1149 3712 of
1174 3663 1280 3726 elth.
1322 3661 1426 3712 had

260 3743 611 3806 disappeared.
686 3745 763 3792 Dr
782 3745 962 3808 Jacobi
984 3743 1294 3808 conjectures
1316 3760 1424 3792 con-

256 3829 514 3887 sequenter
563 3823 732 3873 uiuere
790 3825 984 3888 eligent.
1064 3826 1196 3876 Istae
1250 3827 1292 3876 is
1337 3827 1423 3877 the

256 3906 458 3957 archaie
481 3907 586 3957 dat.
610 3907 642 3956 f.
657 3922 674 3967 3
708 3923 792 3956 see
831 3907 1172 3966 Hildebrand,
1197 3911 1355 3973 Apul.
1385 3920 1422 3958 1.

255 4001 312 4050 p.
342 3983 449 4036 186.
905 4013 921 4026 ·

326 4079 374 4132 9.
445 4079 565 4129 erga
582 4065 935 4130 βάθη-ιπερὶ
953 4069 1042 4127 τὴν
1058 4064 1242 4116 πίστιν.
1286 4066 1348 4116 O.
1363 4065 1420 4114 L.

255 4144 361 4194 and
405 4145 581 4210 Vulg.,
635 4147 819 4197 “circa
867 4145 937 4194 f.”
1027 4145 1105 4196 Cf.
1157 4157 1196 4196 1.
1255 4160 1306 4209 p.
1370 4160 1416 4207 ς,

255 4227 292 4275 1.
321 4242 418 4290 93.-

327 4324 402 4359 10.
464 4309 623 4358 incon.
652 4325 736 4374 qu.
767 4307 826 4359 de
855 4309 960 4359 illis
992 4325 1141 4359 come.
1175 4309 1422 4370 habentes]

255 4391 360 4440 Le.
380 4390 444 4440 de
466 4391 804 4455 dogmatibus.
871 4391 970 4440 Th.
994 4407 1206 4456 appears
1228 4399 1281 4442 to
1304 4407 1420 4441 con-

254 4475 355 4523 fine
373 4476 644 4534 συνείδησις
665 4475 716 4523 in
740 4475 838 4523 this
861 4489 1072 4537 passage
1099 4481 1154 4524 to
1176 4489 1206 4524 a
1229 4473 1420 4524 sincere

933 2731 966 2782 6
999 2731 1230 2780 inuanem
1259 2731 1412 2781 c'H
1430 2730 1440 2797 Ι
1467 2741 1857 2797 consequentem
1878 2734 1946 2782 H

1311 2815 1342 2862 8
1376 2813 1611 2877 dogmate
1640 2813 1711 2862 C*
1734 2815 1803 2863 H

931 2907 990 2958 19
1023 2892 1238 2942 alienaui
1266 2894 1352 2942 Cr
1371 2893 1505 2958 [Lp-
1536 2909 1645 2960 149,
1667 2895 1704 2943 l.
1732 2908 1778 2958 7,
1802 2895 1933 2956 note]

2102 2744 2129 2796 7
2164 2731 2349 2796 eligent
2379 2731 2501 2780 CH
2509 2748 2541 2780 r
2564 2727 2575 2794 Ι
2603 2745 2691 2780 no·

2153 2826 2210 2876 15
2245 2813 2497 2878 scripsisse
2526 2813 2571 2862 C
2584 2813 2653 2862 H
2658 2828 2692 2861 r

1529 3015 1629 3064 and
1660 3016 2021 3065 eonscientious
2056 3015 2197 3079 saith,
2241 3031 2297 3066 as
2334 3015 2377 3066 if
2415 3016 2583 3065 πίστιν
2612 3018 2693 3067 καὶ

1531 3093 1726 3156 ἀγαθὴν
1777 3113 1883 3146 συν.
1909 3117 1955 3138 =
1978 3097 2145 3147 τίστιν
2190 3094 2281 3157 τὴν
2314 3095 2421 3146 κατ’
2460 3097 2543 3158 ἀγ.
2583 3113 2689 3146 συν.

1530 3178 1708 3240 Chrys,
1742 3177 1843 3226 and
1874 3178 2030 3227 Thdt.
2056 3178 2201 3228 think
2222 3179 2388 3228 rather
2415 3178 2474 3228 of
2499 3178 2586 3227 the
2615 3179 2689 3228 in-

1528 3259 1929 3323 terdependence
1962 3261 2022 3310 of
2046 3259 2173 3309 saith
2204 3260 2307 3309 and
2339 3277 2369 3310 a
2402 3261 2535 3325 good
2572 3260 2691 3318 lisca

1529 3339 1847 3402 συνεζεῦχθαι
1887 3337 1982 3402 ’γὰρ
2026 3335 2260 3400 προσήκει
2297 3339 2363 3399 τῇ
2402 3340 2565 3389 πίστει
2608 3341 2691 3388 καὶ

1526 3417 1610 3468 τὸν
1632 3420 1967 3476 ἐπαινούμενον
1984 3420 2107 3482 βίον,
2130 3435 2243 3484 says
2266 3420 2350 3470 the
2372 3421 2535 3480 latter,
2564 3421 2687 3470 add-

1526 3499 1615 3564 ing
1657 3515 1777 3563 very
1819 3499 1978 3563 truly:
2028 3499 2277 3562 ὑποβάθρα
2320 3497 2415 3564 γὰρ
2455 3499 2690 3551 πολλάκις

1523 3583 1611 3640 τῆς
1650 3581 1875 3642 ἀσεβείας
1911 3577 1939 3630 ὁ
1978 3579 2315 3642 διεφθαρμένω
2357 3583 2473 3644 βίος.
2548 3581 2688 3646 Only

1525 3660 1797 3710 Primasius
1844 3660 2007 3710 shews
2055 3675 2195 3710 some
2246 3667 2379 3710 trace
2432 3661 2491 3710 os
2540 3663 2687 3712 Th.’s

1521 3740 1680 3792 view:
1730 3743 1949 3791 “bonam
1992 3757 2165 3798 conse..
2204 3741 2257 3790 in
2290 3743 2679 3803 conuersatione,

1521 3824 1652 3874 siue
1686 3822 2013 3874 doctrina.”

1593 3922 1667 3957 ις.
1730 3913 1828 3970 per
1852 3911 2021 3970 partes
2052 3911 2217 3954 autem
2240 3905 2401 3966 dubia]
2464 3908 2477 3931 ⁴
2498 3904 2684 3954 Partial

1522 3987 1823 4052 scepticism,
1849 3987 1997 4036 when
2032 3986 2261 4046 allowed,
2290 3985 2334 4035 is
2361 3993 2449 4050 apt
2477 3994 2530 4036 to
2562 3986 2683 4036 land

1521 4085 1641 4119 men
1662 4075 1716 4118 at
1737 4069 1832 4118 last
1856 4069 1906 4118 in
1931 4070 2057 4119 total
2080 4066 2339 4120 unbeliefi’

1594 4163 1669 4211 13.
1739 4141 1978 4209 maim-J:
1990 4149 2171 4212 magis;
2207 4149 2269 4199 cf.
2297 4159 2359 4198 11.
2386 4165 2436 4214 p.
2464 4167 2509 4211 4,
2538 4148 2574 4197 l.
2604 4161 2677 4212 15.

1520 4231 1673 4280 Mem.
1702 4235 1773 4279 est
1791 4243 1973 4287 eorum,
2004 4239 2066 4276 11.
2091 4244 2140 4292 p.
2178 4229 2256 4289 62,
2284 4230 2318 4278 1.
2354 4244 2428 4293 13,
2448 4237 2583 4279 note.

1591 4307 1666 4357 16.
1734 4309 2069 4373 Hymenaeus]
2154 4309 2544 4374 “Hymeniusss’
2594 4309 2679 4359 the

1518 4389 1727 4453 reading
1756 4390 1815 4438 os
1836 4390 1890 4449 C,
1928 4407 2099 4440 occurs
2132 4389 2239 4441 also
2268 4391 2320 4440 in
2350 4391 2476 4442 Cod.
2506 4392 2676 4442 Amia-

1519 4472 1670 4520 tinus·

2333 4578 2500 4637 6-2
