3250 5025
481 325 571 386 40
1161 324 1618 377 THEonosz
1666 324 2254 379 MOPSUESTENUS
2492 312 2597 397 [V.
2633 314 2909 394 24—28.

483 493 702 577 gratia
731 495 988 581 integra
1019 498 1087 562 in
1120 497 1248 565 illis
1279 501 1710 580 custodiatur,
1744 501 1997 567 nullam
2030 503 2365 567 sustinens
2395 502 2910 567 minorationem

485 612 756 686 propter
785 626 1014 669 comm
1045 604 1390 682 malitiam,
1417 605 1512 670 ita
1542 614 1618 671 ut
1647 607 1717 669 in
1750 605 1997 672 Christi
2029 608 2323 672 aduentu
2348 606 2625 690 adsequi
2650 607 2911 690 possint

485 712 786 769 aeternas
818 707 1176 771 mercedes·
1223 716 1292 771 et
1323 715 1398 771 ut
1428 726 1562 772 non
1594 709 1683 773 de
1712 710 2016 773 oratione
2038 708 2225 773 dubii
2256 708 2645 782 habeantur,
2672 706 2912 772 adicit:

595 848 826 933 fidelis
851 849 972 933 qui
993 850 1253 915 uocauit
1277 872 1409 930 uos,
1440 852 1795 935 quisaciet.

421 987 453 1055 5
612 975 742 1041 hoc
772 986 918 1042 est:
964 978 982 1011 ‘
1003 998 1198 1042 uerus
1243 988 1346 1044 est
1389 980 1503 1062 qui
1550 1001 1801 1045 uocans
1846 1002 1967 1045 uos
2009 981 2188 1047 bona
2218 982 2408 1047 uobis
2439 982 2763 1067 promisit,
2795 980 2911 1065 qui

485 1088 553 1146 et
584 1080 867 1165 replebit
897 1102 1018 1146 uos
1049 1102 1171 1147 sua
1200 1082 1703 1149 benedictione.’

597 1246 879 1329 fratres,
909 1256 1092 1311 orate
1116 1258 1183 1313 et
1190 1257 1320 1331 pro
1349 1252 1551 1317 nobis.

535 1393 541 1399 ·
615 1370 844 1433 scribit
873 1379 944 1435 et
972 1381 1126 1454 post
1155 1371 1285 1437 hoc
1314 1374 1410 1438 ita
1439 1381 1515 1439 ut
1546 1383 1614 1439 et
1646 1395 1766 1458 pro
1798 1396 1870 1440 se
1901 1384 2110 1454 orent,
2143 1374 2343 1440 simul
2375 1375 2445 1441 in
2475 1376 2756 1441 caritate
2785 1395 2909 1441 sua
3012 1364 3018 1372 ’

487 1488 603 1533 eos
652 1473 1156 1555 constringens;
1224 1496 1384 1539 nam
1444 1485 1512 1540 et
1570 1485 1646 1541 ut
1697 1498 1820 1560 pro
1873 1477 2192 1543 alterutro
2244 1487 2454 1554 orent,
2503 1476 2621 1541 lex
2672 1476 2910 1560 defigit

381 1586 462 1635 10
485 1574 798 1655 caritatis,
841 1597 964 1641 nec
1008 1578 1185 1641 enirn
1231 1599 1550 1663 umquam
1586 1600 1775 1644 orare
1821 1582 2154 1664 patiemur
2196 1600 2319 1664 pro
2376 1579 2505 1644 illis
2548 1601 2718 1663 quos
2770 1600 2907 1644 non

486 1678 842 1761 diligimus,
932 1680 1128 1745 simul
1161 1692 1227 1747 et
1270 1682 1536 1747 instruit
1576 1703 1700 1748 nos
1738 1684 2032 1768 idipsum
2073 1686 2279 1752 etiam
2324 1686 2414 1752 ab
2456 1685 2746 1751 inuicem
2791 1683 2907 1750 de-

487 1781 644 1847 bere
674 1782 1097 1865 depostulare
1127 1792 1196 1849 et
1226 1783 1443 1849 facere
1473 1805 1595 1869 pro
1624 1784 1961 1852 alterutro.

615 1940 901 2005 salutate
908 1941 1176 2023 fratres
1200 1961 1420 2007 omnes
1447 1944 1521 2007 in
1550 1944 1759 2009 osculo
1785 1954 2024 2011 sancte.

615 2077 860 2142 deinde
889 2087 958 2142 et
989 2077 1328 2161 praecepit
1359 2078 1452 2142 eis
1484 2097 1719 2143 omnes
1751 2078 1987 2143 fratres
2018 2077 2310 2144 salutare
2331 2081 2403 2145 in
2430 2082 2640 2145 osculo
2666 2090 2904 2158 sancte,

381 2187 450 2255 15
484 2185 501 2211 ‘
524 2189 828 2244 sanctum
859 2179 1159 2245 osculum
1179 2179 1195 2205 ⁹
1226 2180 1454 2245 dicens
1484 2181 1665 2265 quod
1698 2202 1850 2246 curn
1884 2182 2178 2265 perfecta
2209 2182 2490 2247 efficitur
2518 2185 2812 2249 caritate.

613 2345 850 2411 adiuro
893 2366 1007 2413 uos
1033 2357 1160 2431 per
1200 2346 1580 2428 Dominum,
1613 2358 1694 2413 ut
1738 2348 1997 2431 legatur
2036 2349 2301 2431 epistola
2343 2350 2639 2415 omnibus
2664 2350 2909 2416 sanctis

464 2447 828 2531 fratribus.

613 2589 894 2667 adiurat,
948 2599 1022 2654 ut
1071 2588 1357 2673 epistola
1403 2589 1717 2654 omnibus
1770 2587 2033 2672 legatur
2081 2590 2331 2654 sanctis
2382 2587 2711 2665 fratribus,
2762 2606 2906 2650 sus-

483 2692 715 2774 picans
762 2712 854 2756 ex
902 2692 1232 2776 aliquibus
1277 2712 1451 2776 quae
1493 2691 1619 2755 sibi
1666 2691 1928 2755 fuerant
1973 2690 2215 2770 delata,
2270 2692 2586 2776 quoniam
2633 2710 2766 2753 non
2815 2690 2901 2754 ad

373 2805 459 2855 20
485 2795 784 2859 omniurn
815 2796 1126 2860 notitiam
1157 2795 1406 2879 scripta
1435 2795 1576 2859 eius
1608 2795 2035 2862 deferrentur.
2127 2807 2195 2862 et
2224 2806 2381 2882 post
2409 2796 2537 2862 hoc
2568 2797 2863 2861 adiciens
2890 2820 2905 2859 ε

604 2956 841 3040 gratia
869 2956 1128 3022 domini
1151 2955 1366 3022 nostri
1389 2955 1538 3020 Iesu
1574 2956 1830 3023 Christi
1854 2958 2194 3024 uobiscum.
2282 2979 2488 3024 amen.

618 3115 1118 3161 consummasse
1149 3095 1416 3161 uidetur
1447 3095 1822 3179 epistolam.

583 3305 615 3349 4
648 3302 736 3338 eos
759 3284 875 3351 (for
891 3283 1002 3351 uos)
1031 3284 1108 3336 C·
1132 3285 1200 3336 Η
1220 3285 1230 3352 Ι
1255 3293 1308 3337 et
1332 3286 1431 3351 (ast
1448 3284 1554 3351 qui)
1577 3286 1685 3335 add
1704 3287 1748 3336 C
1768 3287 1915 3348 (corr)
1986 3285 2139 3336 etiam
2159 3284 2265 3336 add
2278 3302 2312 3334 r
2488 3301 2549 3336 10
2582 3285 2839 3337 caritatem
2865 3288 2910 3337 C

485 3369 552 3419 Η
564 3385 598 3418 r
785 3384 843 3434 ¹9
876 3369 1072 3419 delatae
1093 3384 1128 3418 r
1309 3384 1372 3418 20
1403 3368 1688 3418 deserentur
1715 3366 1794 3418 C*
1973 3382 2030 3417 21
2070 3368 2185 3417 Iesu
2208 3367 2333 3416 Chr.
2356 3383 2435 3417 om
2456 3367 2527 3416 Η
2692 3384 2753 3418 22
2788 3384 2906 3418 con-

486 3450 706 3500 firmasse
729 3437 844 3514 (sor
861 3447 1246 3515 consummasse)
1269 3451 1337 3500 H
1397 3451 1494 3502 hoc
1516 3451 1651 3501 enim
1679 3451 1836 3500 uerbo
1865 3465 2001 3500 cons·
2028 3449 2285 3514 apostolus
2310 3450 2509 3500 uidetur
2536 3465 2677 3499 suam
2707 3467 2788 3516 ep.
2813 3468 2845 3501 r
2872 3450 2881 3515 Ι

486 3531 692 3594 explicit
723 3531 935 3597 epistola
966 3532 1031 3580 ad
1064 3531 1506 3582 thessalonicenses
1539 3531 1703 3596 prima
1726 3531 1903 3596 incipit
1924 3538 2271 3595 argumentum
2294 3530 2347 3580 in
2378 3519 2493 3596 epla
2520 3517 2643 3580 seda
2673 3531 2740 3579 acl
2773 3529 2905 3580 thes-

485 3614 818 3666 salonicenses
852 3615 952 3680 (ast
982 3615 1264 3680 epistolam)
1301 3613 1404 3663 add
1437 3612 1482 3662 C
1503 3611 1649 3678 (corr)
1730 3613 1933 3678 explicit
1966 3613 2032 3663 ad
2066 3612 2240 3663 thesal.
2258 3683 2271 3692 .
2290 3629 2331 3664 1.
2370 3613 2546 3679 incipit
2578 3612 2797 3663 secunda
2838 3613 2904 3662 ad

485 3698 691 3749 eosdem
713 3697 782 3746 Η

555 3879 603 3927 3.
671 3862 1088 3926 utnon...adicit]
1121 3860 1388 3912 Lanfrane.

555 3957 602 4006 5.
669 3945 1070 4006 uerus1=uerax.
1110 3943 1305 3994 Thdt.:
1339 3945 1396 3994 τὸ
1430 3943 1649 3995 πιστὸς

1819 3873 1895 3923 15.
1932 3864 2185 3910 ‘sanctum
2207 3859 2315 3911 osc!
2329 3860 2513 3922 dicens]
2537 3859 2663 3910 This
2676 3877 2733 3910 or
2750 3877 2781 3911 a
2794 3859 2905 3911 kin-

1747 3942 1871 3994 dred
1893 3951 2143 3993 comment
2166 3943 2209 3993 is
2226 3943 2381 3992 found
2398 3942 2450 3992 in
2467 3942 2714 3994 Cmmer’s
2730 3951 2909 3994 eatena

485 4024 598 4077 ἀντὶ
617 4025 706 4078 τοῦ
727 4025 931 4088 ἀληθής.

558 4126 636 4160 10.
668 4110 906 4171 caritatis]
922 4110 948 4159 1
962 4110 1090 4160 have
1103 4109 1326 4174 adopted
1338 4109 1416 4158 Dr
1425 4107 1649 4174 Jacobi’s

488 4189 781 4247 correction,
825 4189 993 4240 which
1047 4189 1132 4239 the
1187 4203 1330 4240 sense
1383 4204 1546 4240 seems
1587 4195 1644 4240 to

487 4271 699 4336 require.
766 4271 878 4321 The
899 4271 1106 4336 reading
1134 4270 1192 4320 of
1222 4270 1307 4321 the
1340 4270 1497 4321 MSS.
1527 4285 1647 4334 may

488 4353 617 4402 have
670 4351 952 4418 originated
993 4351 1048 4402 in
1102 4352 1188 4402 the
1243 4351 1418 4402 sailure
1472 4351 1532 4402 of
1559 4353 1647 4404 the

489 4436 708 4502 copyists
729 4443 783 4487 to
805 4435 1109 4486 understand
1132 4436 1297 4501 desig-cst
1317 4434 1523 4486 intrans.

1749 4023 1835 4090 (vi.
1862 4037 1957 4090 374
1968 4045 2013 4068 =--·
2025 4025 2180 4074 Coisl.
2207 4039 2320 4085 204,
2340 4025 2374 4073 f.
2396 4040 2415 4074 1
2428 4021 2487 4086 76
2502 4023 2554 4089 b)
2573 4042 2586 4075 z
2608 4021 2749 4087 ἅγιον
2770 4025 2908 4087 λέγει

1747 4107 1805 4155 τὸ
1820 4107 1947 4166 μετὰ
1966 4106 2171 4168 γνησίας
2190 4103 2277 4166 τῆς
2301 4103 2499 4167 ἀγάπης
2519 4107 2779 4168 γινόμενον.
2824 4107 2905 4156 Cf.

1746 4189 1894 4242 Oce-t
1919 4189 1991 4239 ἔνι
2002 4188 2099 4252 ’γὰρ
2122 4191 2201 4239 καὶ
2226 4185 2439 4252 δολερὸν,
2468 4189 2529 4240 ὡς
2550 4191 2607 4240 τὸ
2628 4190 2717 4240 τοῦ
2730 4189 2905 4242 Ἰούδα.

1818 4273 1893 4324 18.
1952 4271 2228 4337 suspicans]
2252 4271 2438 4322 Thdt.:
2462 4272 2585 4323 εἰκὸς
2604 4271 2699 4336 ’γὰρ
2721 4273 2781 4334 ἦν
2800 4275 2911 4325 τοὺς

1746 4354 1961 4417 πρώτους
1977 4353 2066 4412 τὴν
2089 4351 2357 4414 ἐπιστολὴν
2370 4353 2641 4414 δεξαμένους
2660 4355 2731 4416 μὴ
2754 4357 2909 4406 πᾶσιν

1746 4435 1931 4498 ταύτην
1954 4435 2314 4500 προσενεγκεῖν.
