3250 5025
384 342 465 425 2.]
1117 356 1199 405 m
1248 356 1355 407 ΕΡ.
1401 350 1504 405 AD
1553 355 2078 407 PmLEMONEM.

2678 342 2805 422 269

514 525 759 590 Paulus
820 527 1130 610 equidem
1194 548 1329 591 non
1384 527 1600 592 solum
1665 530 1908 593 marito
1961 527 2029 591 in
2081 528 2219 591 suis
2273 526 2536 609 scriptis
2591 526 2806 608 iungit

382 650 683 707 uxorem,
716 630 834 693 sed
867 640 935 693 et
981 651 1270 712 aequum
1314 631 1409 693 eis
1454 630 1876 695 salutationis
1909 630 2140 695 tribuit
2171 630 2477 705 officium,
2511 625 2805 710 †‘caris-

388 736 655 798 simam’
690 756 839 798 eam
874 756 1137 811 uocanS,
1170 734 1365 799 sicuti
1397 746 1465 799 et
1509 735 1696 799 illum
1729 736 2196 800 ‘carissimum’
2223 755 2238 813 ;
2294 754 2375 799 eo
2406 733 2585 817 quod
2622 730 2805 795 nulla

385 837 451 900 in
483 846 673 919 parte
705 838 1069 901 secundum
1104 838 1429 901 rationem
1472 839 1742 919 pietatis
1779 838 2223 902 differentiam
2268 838 2414 901 uult
2458 858 2602 901 esse
2633 836 2807 899 inter

386 939 563 1003 uiros
618 940 919 1023 interque
966 938 1340 1003 mulieres?
1450 961 1608 1003 nam
1671 942 1862 1004 istius
1915 942 2235 1024 temporis
2287 940 2594 1003 homines
2653 960 2803 1022 pro·
2881 944 2912 1013 5

384 1045 751 1125 pemodum
802 1062 1035 1105 omnes
1090 1044 1155 1105 in
1211 1042 1483 1107 crimine
1543 1044 1886 1106 uocandos
1935 1065 2079 1107 esse
2140 1044 2548 1118 existimant,
2601 1042 2805 1105 modo

387 1148 439 1209 si
474 1146 805 1209 audierint
845 1165 1089 1209 nomen
1135 1146 1445 1209 caritatis
1536 1144 1882 1227 apostolus
1928 1167 2086 1209 uero
2129 1166 2262 1209 non
2309 1147 2403 1209 sic
2433 1145 2764 1209 sentiebat
2789 1167 2806 1223 ;

386 1250 504 1313 sed
545 1249 895 1325 contrari0,
928 1257 1003 1313 ut
1042 1270 1170 1330 ego
1210 1250 1464 1331 opinor,
1495 1244 1632 1329 †in
1674 1249 1802 1312 illis
1840 1249 2014 1313 hanc
2055 1252 2626 1333 nuncupationem
2660 1270 2805 1313 esse

390 1353 806 1435 aptissimam
854 1354 1305 1435 cognoscebat
1368 1353 1433 1415 in
1487 1354 1732 1435 quibus
1789 1356 2138 1436 turpitudo
2199 1354 2529 1436 passionis
2591 1354 2806 1416 inesse

389 1458 663 1521 minime
694 1452 1017 1540 poterat,*
1052 1477 1132 1519 eo
1163 1458 1343 1540 quod
1379 1455 1473 1519 illi
1505 1457 1620 1539 qui
1655 1459 2075 1539 passionibus
2121 1458 2420 1522 seruiunt
2466 1476 2600 1521 non
2647 1466 2804 1520 sunt
2843 1476 2920 1524 10

388 1560 453 1621 in
508 1580 667 1623 uera
714 1561 1029 1639 caritate3
1086 1559 1210 1623 hos
1270 1581 1429 1623 uero
1490 1562 1613 1623 scit
1674 1561 1847 1625 iusta
1900 1563 2156 1626 ratione
2208 1584 2352 1625 esse
2401 1564 2467 1625 in
2514 1561 2807 1638 caritate,

386 1666 499 1746 qui
532 1683 666 1725 non
700 1664 1029 1745 passionis
1061 1662 1637 1744 contemplatione
1670 1672 2100 1747 exequuntur
2129 1664 2466 1729 affectum.

519 1848 631 1913 καὶ
690 1844 919 1936 ὥσπερ
968 1848 1368 1933 ‘dryavrnrdv’
1426 1852 1666 1916 ἐκεῖνον
1727 1850 2062 1927 ἐκάλεσεν,
2118 1851 2318 1923 οὕτως
2378 1852 2492 1919 καὶ
2551 1850 2808 1932 ταύτην,

389 1951 503 2019 ὅτε
549 1951 629 2034 δὴ
674 1954 875 2035 μηδὲν
914 1951 1243 2041 διαφέρειν
1274 1953 1441 2020 κατὰ
1483 1954 1603 2035 τὴν
1649 1952 1990 2035 εὐσέβειαν
2033 1954 2287 2041 ἀνδρῶν
2331 1956 2447 2026 τὰς
2494 1960 2810 2038 ’γυναῖκας

390 2054 759 2139 ἡγούμενος.
2845 2068 2870 2115 1
2885 2062 2916 2131 5

519 2158 738 2240 ἡγεῖτο
792 2158 862 2225 δὲ
908 2158 1149 2240 ταύτην
1189 2159 1290 2225 ἐπ’
1334 2160 1589 2227 ἐκείνων
1637 2159 1985 2246 ἁρμόττειν
2031 2160 2150 2243 τὴν
2191 2159 2657 2247 προσηγορίαν,
2704 2159 2806 2246 ἐφ’

392 2257 480 2325 ὧν
524 2260 777 2329 πάθους·
821 2260 1183 2349 αἰσχρότης
1229 2260 1347 2327 οὐκ
1392 2261 1821 2344 ἐμεσίτευσεν.

608 2444 665 2491 13
690 2444 763 2492 sq.
792 2427 946 2477 Coisl.
980 2443 1089 2488 204,
1112 2429 1146 2478 l.
1166 2446 1206 2477 c.
1231 2429 1339 2491 [Cr.
1365 2429 1448 2479 vii.
1486 2444 1594 2492 105,
1619 2430 1701 2481 Fr.
1736 2447 1754 2480 ι
1764 2431 1848 2495 59]
1864 2428 2104 2493 θεόδωρος,
2148 2433 2226 2479 καὶ
2250 2427 2430 2492 ὥσπερ,
2459 2432 2602 2479 κ.τ.λ.

392 2582 404 2604 ¹
426 2577 488 2625 In
512 2574 707 2624 Theod-
734 2574 903 2638 Mops.
924 2570 1192 2634 (Cramer's
1220 2573 1329 2622 Cat.
1351 2589 1405 2638 p.
1427 2575 1543 2638 105)

392 2658 431 2706 it
456 2658 690 2706 becomes
712 2651 895 2714 Ἀμφία
923 2653 989 2717 by
1015 2669 1046 2702 a
1080 2668 1313 2702 common
1346 2669 1550 2719 corrup·

392 2740 511 2788 tion.
526 2736 553 2758 '’
621 2736 731 2786 The
758 2736 871 2786 MS.
896 2735 953 2784 of
970 2737 1056 2784 the
1077 2744 1269 2795 catena,
1297 2735 1545 2795 however,

391 2819 482 2867 has
520 2817 778 2880 distinctly
809 2814 1025 2877 ’Δπφίας
1064 2816 1116 2865 in
1156 2814 1301 2868 Th.’s
1340 2833 1543 2878 comm.,

391 2900 633 2963 although
660 2899 711 2948 in
742 2899 826 2948 the
850 2907 953 2948 text
978 2900 1084 2959 (Cr.
1112 2915 1161 2964 p.
1196 2915 1303 2960 104,
1334 2899 1497 2948 where
1519 2916 1550 2949 a

392 2993 643 3034 comment
691 2983 817 3032 from
865 2982 1041 3047 Chrys,
1087 2977 1427 3046 immediately
1459 2983 1551 3032 fol-

393 3065 535 3125 lows)
560 3064 598 3113 it
620 3064 760 3127 gives
779 3062 981 3125 Ἀμφίᾳ.

466 3163 506 3196 1.
580 3147 751 3208 iungit
779 3145 1003 3206 uxorem]
1080 3145 1151 3194 So
1186 3146 1392 3209 Chrys:
1443 3148 1549 3204 ἐμοὶ

393 3231 526 3279 δοκεῖ
554 3230 759 3291 σύμβιον
790 3229 911 3276 εἶναι
944 3233 1130 3279 τούτου.
1205 3230 1387 3278 Thdt.:
1438 3246 1549 3278 συν·

393 3312 537 3358 ἅπτει
584 3311 637 3358 δὲ
681 3305 815 3369 αὐτῷ
860 3308 951 3369 τήν
1005 3309 1236 3372 ὁμόζυγα.
1341 3310 1419 3359 Cs.
1470 3311 1551 3374 Bp

396 3390 654 3455 Lightfoot
676 3391 744 3454 (p.
770 3389 911 3454 372):
950 3392 1037 3440 “it
1061 3392 1102 3441 is
1125 3409 1155 3440 a
1176 3392 1279 3441 sase
1302 3391 1551 3440 inserence

395 3474 519 3524 from
568 3474 653 3523 the
696 3475 980 3522 connexion
1016 3473 1073 3522 of
1110 3475 1197 3522 the
1235 3489 1407 3522 names
1442 3473 1553 3522 that

397 3556 603 3620 Apphia
657 3571 759 3604 was
814 3555 899 3622 the
956 3555 1071 3604 wife
1126 3555 1185 3604 os
1234 3551 1553 3603 Philemon.”

396 3638 562 3701 Pelag.
588 3638 631 3687 is
652 3637 763 3686 half
778 3637 1015 3700 disposed
1039 3643 1092 3684 to
1114 3643 1290 3701 accept
1317 3639 1379 3698 τῇ
1413 3639 1550 3686 ἀδελ-

396 3714 469 3780 φῇ
513 3717 617 3780 (the
660 3717 868 3780 reading
910 3715 978 3766 he
1022 3716 1252 3778 follow53
1306 3733 1389 3766 see
1433 3725 1551 3766 next

394 3800 531 3863 note)
556 3800 607 3848 in
638 3815 669 3848 a
691 3799 851 3848 literal
876 3815 1053 3848 sense:
1088 3799 1198 3848 “A.
1228 3813 1348 3848 uero
1380 3813 1553 3848 soror

394 3882 492 3932 uel
518 3882 741 3932 coniux
772 3880 1037 3938 creditur,'’
1054 3880 1298 3930 aremark
1316 3879 1554 3944 repeated

394 3963 461 4026 by
486 3961 771 4011 Primasius.

462 4059 507 4095 2.
606 4043 915 4092 carissimam
970 4057 1077 4092 eam
1134 4039 1337 4100 uocans]
1429 4039 1548 4101 Th„

394 4125 655 4183 therefore,
696 4124 819 4173 with
852 4123 936 4174 the
974 4125 1175 4173 Peshito
1211 4123 1309 4189 (ed.
1350 4124 1551 4181 Schaaf‚

393 4209 485 4257 but
520 4207 585 4256 cs.
621 4206 811 4266 Tisch.)
844 4207 941 4255 and
979 4207 1065 4256 the
1105 4207 1207 4257 Gk.
1247 4215 1550 4256 commenta-

396 4298 499 4340 tors
522 4288 641 4337 read
662 4285 726 4348 τῇ
758 4283 1005 4349 ἀγαπητῆ.
1080 4287 1155 4338 Of
1184 4287 1269 4337 the
1294 4287 1443 4337 Latin
1466 4303 1551 4336 au·

396 4369 625 4420 thorities
696 4369 931 4424 claram„
987 4370 1131 4428 Am„
1194 4368 1359 4428 Hier„
1425 4368 1552 4416 have

397 4461 429 4482 “
450 4449 689 4510 sorori;'’
766 4451 933 4509 Fuld„
1020 4451 1287 4510 Ambrstr.,
1359 4449 1548 4512 Pelag.,

1653 2573 1930 2640 Vulgflm,
1965 2577 2000 2600 “
2013 2576 2170 2624 sorori
2193 2573 2488 2625 carissimae.
2500 2573 2528 2595 '³

1721 2673 1768 2720 3.
1843 2672 1894 2705 eo
1926 2657 2062 2720 quod
2088 2656 2232 2704 nulla
2265 2657 2322 2704 in
2347 2662 2502 2720 parte,
2530 2655 2648 2717 δια]
2724 2655 2805 2704 Cf.

1652 2746 1824 2803 supra,
1855 2753 1906 2802 p.
1939 2736 2060 2800 265,
2098 2738 2132 2786 1.
2169 2749 2210 2800 7,
2245 2745 2364 2786 note
2377 2754 2392 2796 ς
2440 2737 2541 2786 and
2577 2752 2812 2801 compare

1652 2818 1738 2868 the
1774 2817 1972 2867 remark
2007 2818 2066 2866 of
2097 2818 2148 2868 S.
2188 2817 2420 2881 Jerome:
2463 2817 2636 2868 “illud
2674 2819 2812 2884 quod

1651 2902 1716 2950 ad
1741 2901 1950 2951 Galatas
1971 2901 2192 2952 scribens
2211 2903 2468 2967 apostolus
2490 2903 2559 2952 ait
2583 2903 2721 2965 [Gal.
2739 2904 2809 2952 iii.

1653 2983 1956 3045 281...etiam
1995 2985 2045 3034 in
2075 2985 2172 3035 hoc
2208 2986 2320 3036 loco
2355 2985 2670 3050 perspicuum
2705 2993 2812 3046 est;

1653 3065 1784 3114 inter
1819 3065 1922 3114 duo
1959 3065 2146 3130 quippe
2185 3065 2320 3114 uiros
2359 3072 2411 3115 et
2443 3065 2806 3130 apostolicos..

1653 3147 1874 3196 medium
1928 3147 2165 3210 Apphiae
2219 3161 2404 3196 nomen
2459 3147 2706 3206 inseritur,
2756 3154 2811 3196 ut

1651 3230 1742 3279 tali
1793 3246 1853 3278 ex
1907 3236 2116 3293 utroque
2166 3228 2320 3278 latere
2374 3228 2500 3278 fulta
2549 3228 2805 3287 comitatu,

1653 3327 1756 3360 non
1790 3311 2017 3360 uideatur
2051 3311 2280 3360 ordinem
2317 3326 2471 3368 sexus,
2499 3311 2684 3361 habere
2722 3313 2812 3361 sed

1653 3388 1870 3440 meriti.”

1723 3488 1770 3536 5.
1849 3473 1992 3521 tls-tius
2035 3473 2264 3536 temporis
2313 3472 2558 3534 homines]
2649 3473 2811 3523 “The

1656 3569 1772 3602 men
1794 3553 1852 3602 of
1872 3553 1972 3602 this
1995 3561 2192 3618 present
2213 3556 2336 3602 time
2350 3571 2362 3614 ;
2377 3551 2406 3574 '’
2440 3552 2502 3602 cf.
2525 3552 2804 3617 Lightfoot,

1655 3649 1706 3698 p.
1741 3649 1853 3699 399.
1924 3633 2001 3682 Of
2033 3634 2121 3682 istc
2159 3633 2212 3682 in
2251 3633 2350 3683 this
2387 3649 2530 3683 sense
2565 3634 2813 3684 instances

1655 3717 1759 3766 will
1796 3719 1856 3766 be
1889 3716 2042 3765 found
2077 3717 2253 3774 above,
2285 3731 2375 3780 ag.
2408 3733 2494 3781 pp.
2538 3731 2646 3782 190,
2687 3718 2722 3767 l.
2759 3733 2810 3784 9,

1657 3813 1770 3862 203,
1795 3799 1826 3849 1.
1864 3815 1939 3848 12.

1725 3895 1770 3946 7.
1848 3881 2091 3945 apostolus
2128 3897 2243 3930 uero
2279 3897 2380 3930 non
2411 3883 2500 3938 sic,
2530 3880 2643 3943 &cz-J
2714 3882 2811 3934 See

1657 3980 1723 4014 on
1773 3981 1792 4014 1
1838 3964 1972 4014 Tim.
2017 3981 2064 4014 v.
2107 3981 2133 4014 2
2183 3961 2267 4028 (11.
2308 3979 2361 4028 p.
2409 3965 2544 4027 152);
2600 3965 2700 4014 and
2743 3965 2810 4017 cs.

1657 4045 1810 4094 Thdt.
1855 4045 1928 4092 ad
1954 4044 2082 4092 h.l.:
2133 4045 2414 4108 θαυμαζέτω
2459 4046 2509 4093 δέ
2545 4045 2722 4104 μηδείς,
2767 4047 2811 4092 εἰ

1659 4128 1738 4174 καὶ
1775 4127 2162 4188 προσπίπτουσιν
2207 4127 2290 4173 νῦν
2334 4125 2458 4175 τινὲς
2491 4121 2562 4186 τῷ
2602 4124 2810 4188 προσρή-

1655 4225 1773 4267 ματι
1801 4208 1972 4266 τούτῳ.
2040 4207 2086 4254 ol
2117 4207 2215 4270 γὰρ
2247 4209 2402 4256 κακῶς
2435 4208 2715 4268 κεχρημένοι
2746 4203 2822 4267 τῷ

1656 4285 1922 4350 πράγματι,
1970 4287 2036 4350 τῇ
2078 4289 2378 4351 προσηγορίᾳ
2428 4292 2517 4349 τὴν
2572 4289 2810 4351 λοιδορίαν

1656 4369 1934 4430 προσῆψαν·
1971 4369 2126 4418 πάλαι
2161 4370 2214 4416 δὲ
2247 4370 2424 4428 σεμνὸν
2458 4370 2513 4418 τὸ
2547 4368 2696 4427 ὄνομα
2730 4369 2810 4416 καὶ

1656 4449 1928 4506 ἀξιέπαινον
1951 4445 2028 4506 ἦν.
