3250 5025
630 1260 1353 1336 THEODORUS
1448 1262 2219 1339 MOPSUESTEN
2242 1264 2375 1338 US

765 1484 884 1556 IN
985 1482 1637 1557 EPISTOLAM
1728 1485 1805 1558 B.
1891 1484 2229 1559 PAULI

509 1709 712 1802 AD
823 1652 2312 1809 THESSALONICENSES
2409 1714 2478 1805 1.

1131 2029 1857 2095 ARGUMENTUM.

408 2200 704 2269 BEATUS
733 2205 1080 2288 apostolus
1125 2204 1368 2267 Paulus
1409 2204 1810 2288 peragrabat
1842 2204 2141 2267 diuersas
2172 2204 2478 2267 ciuitates
2510 2222 2701 2284 prae-

273 2305 505 2371 dicans
545 2307 744 2372 fidem
791 2330 964 2392 quae
1005 2309 1070 2372 in
1119 2308 1384 2373 Christo
1425 2316 1542 2371 est.
1628 2307 1857 2370 diuina
1904 2328 2061 2371 uero
2109 2308 2403 2370 monitus
2449 2304 2700 2369 reuela-

269 2405 455 2470 tione
487 2410 670 2473 uenit
699 2410 786 2472 ad
818 2411 1123 2474 ciuitates
1156 2410 1610 2488 Macedoniae,
1635 2408 1883 2471 exinde
1916 2429 2071 2471 uero
2104 2410 2286 2471 uenit
2318 2418 2387 2471 et
2415 2406 2701 2469 Thessa-

269 2506 546 2588 lonicae,
579 2510 750 2576 sicut
795 2524 899 2577 est
941 2514 1324 2577 cautissime
1367 2513 1618 2575 discere
1664 2532 1753 2573 ex
1800 2508 1969 2574 libro
2014 2510 2327 2574 Actuum'
2361 2506 2698 2592 apostolo-

270 2632 455 2691 rum3
521 2615 933 2696 praedicauit
984 2637 1142 2699 ergo
1197 2618 1368 2679 inter
1426 2624 1680 2678 ceteras
1734 2617 1938 2679 etiam
1992 2613 2697 2679 Thessalonicensibus
2770 2629 2803 2698 5

269 2713 538 2793 pietatis
591 2716 982 2782 doctrinam.
1075 2717 1468 2781 aduersariis
1529 2737 1686 2780 uero
1739 2737 1936 2799 super
1986 2717 2114 2779 hoc
2175 2715 2693 2798 indignantibus,

268 2816 490 2879 euenit
521 2826 596 2880 ut
627 2819 838 2883 multa
869 2831 1207 2904 pateretur
1236 2822 1414 2885 idem
1447 2821 1789 2903 apostolus
1819 2823 1885 2883 in
1918 2821 2156 2884 eadem
2188 2823 2460 2887 ciuitate
2486 2824 2695 2887 Thes-

266 2920 778 2987 salonicensium
797 2946 813 3002 ;
860 2925 925 2988 in
958 2946 1090 3008 qua
1121 2936 1189 2989 et
1219 2925 1313 2989 illi
1346 2926 1460 3007 qui
1491 2924 1915 2989 crediderunt
1957 2923 2222 2987 Christo
2255 2925 2466 2989 multa
2498 2929 2693 2991 susti-

267 3039 550 3093 nuerunt
592 3030 770 3093 mala
811 3053 851 3093 a
882 3029 1361 3094 contribulibus
1394 3029 1546 3105 suiS,
1577 3029 1673 3092 ita
1703 3037 1775 3090 ut
1807 3037 2152 3109 cogeretur
2182 3028 2416 3092 beatus
2451 3029 2691 3094 Paulus

257 3119 306 3195 ‘a
330 3133 808 3197 Thessalonica
840 3134 1189 3198 discedens
1222 3131 1513 3197 Athenis
1545 3130 1975 3214 proficiscere.
2026 3131 2499 3212 pertimescens
2532 3154 2688 3198 uero
2725 3150 2805 3198 10

363 3315 391 3348 α
423 3301 646 3351 munitus
667 3302 736 3350 H
937 3317 964 3364 3
1000 3299 1408 3350 Thessalonicam
1432 3314 1463 3347 r
1674 3309 1701 3358 7
1734 3303 1783 3346 et
1808 3295 1945 3346 uenit
1969 3293 2081 3360 (χόν
2099 3293 2285 3361 euenit)
2310 3313 2341 3344 r
2364 3295 2374 3361 Ι
2403 3297 2457 3346 id
2479 3307 2551 3346 est
2578 3297 2691 3364 (for

265 3380 414 3446 idem)
444 3383 486 3432 C
494 3381 522 3406 ⁴*
546 3398 578 3430 r
817 3397 876 3431 10
907 3381 1134 3432 Athenas
1157 3398 1189 3430 r
1215 3379 1224 3444 Ι
1251 3379 1499 3446 proficisci
1524 3394 1555 3427 r

327 3545 372 3578 α.
439 3529 624 3579 diuina
645 3546 696 3578 u.
723 3545 852 3579 mon.
879 3529 1005 3590 rem]
1073 3530 1199 3578 Acts
1220 3527 1318 3576 xvi.
1346 3543 1419 3576 ιο.
1523 3524 1749 3584 Athenis,
1785 3524 1922 3582 dat.;
1968 3522 2029 3575 cf.
2072 3524 2405 3572 Romae=irl
2449 3529 2539 3587 τὴν
2569 3525 2679 3578 Ῥώ-

263 3609 370 3659 The
400 3612 623 3661 ciuitates
655 3612 734 3660 M.
770 3627 900 3660 were
935 3611 1172 3675 Philippi,
1202 3608 1418 3674 Amphi·
1519 3624 1616 3666 μην
1652 3604 1711 3669 (Ι.
1748 3622 1800 3670 p.
1842 3620 1951 3668 117,
1992 3606 2045 3654 11.
2082 3609 2128 3665 8,
2172 3605 2267 3666 το),
2316 3607 2681 3660 Thessalonicae

261 3692 403 3758 polis,
427 3695 526 3742 and
551 3692 857 3758 Apollonia;
889 3693 1014 3741 Acts
1043 3692 1142 3740 xvi.
1180 3706 1254 3749 η,
1292 3689 1409 3739 xvii.
1519 3685 1715 3750 (above,
1742 3686 1778 3734 1.
1806 3687 1873 3750 3).

267 3789 305 3822 1.
371 3773 523 3822 Thdt.
580 3771 772 3822 notices
825 3771 912 3820 the
966 3769 1312 3835 preeminence
1362 3768 1422 3818 of
1573 3768 1913 3830 pertimescens
1936 3783 2064 3827 uero,
2095 3766 2211 3828 &c.]
2276 3767 2388 3817 The
2411 3769 2675 3821 substance

260 3855 634 3906 Thessalonica:
673 3852 706 3914 ἡ
744 3855 1081 3914 Θεσσαλονίκη
1117 3853 1407 3914 πρωτεύει...
1515 3849 1572 3898 of
1594 3849 1694 3898 this
1728 3865 1937 3912 passage
1971 3849 2013 3898 is
2036 3848 2151 3898 thus
2172 3849 2326 3912 given
2348 3849 2402 3898 in
2426 3851 2675 3903 Cramer's

261 3931 340 3994 *ἧς
363 3934 675 3985 Μακεδονίας·
1513 3953 1705 4003 catena,
1736 3943 1901 3994 which
1925 3945 2043 3994 here
2066 3945 2155 3994 has
2180 3925 2247 4010 ὃ]
2268 3945 2320 3995 in
2343 3945 2429 3995 the
2450 3947 2673 4012 margin:

317 4013 362 4064 6.
433 4015 740 4064 aduersariis
785 4030 898 4063 uero
1008 4013 1411 4078 indignantibus]
1514 4019 1757 4066 δειλιάσας
1808 4017 1999 4076 μήποτε
2052 4021 2383 4075 μετατεθῶσιν
2437 4015 2534 4067 ἀπὸ
2586 4017 2673 4080 τῆς

260 4087 377 4144 Acts
393 4095 510 4142 xvii.
531 4111 581 4157 5:
606 4094 976 4154 ζηλώσαντες
999 4097 1050 4144 δὲ
1073 4094 1176 4144 01’1
1188 4097 1411 4144 ουδαῖοι
1513 4099 1733 4154 πίστεως,
1760 4099 1939 4157 πέμπει
1964 4097 2193 4156 Τιμόθεον
2218 4100 2337 4164 πρὸς
2370 4103 2539 4152 αὐτοὺς
2572 4103 2671 4152 ἀπὸ

261 4176 332 4223 καὶ
360 4176 746 4237 προσλαβόμενοι
775 4172 870 4223 τῶν
895 4173 1136 4238 ἀγοραίων
1169 4175 1298 4225 τινὰς
1331 4177 1406 4224 av-
1507 4181 1605 4227 τῶν
1618 4176 1837 4238 Ἀθηνῶν
1854 4191 1865 4204 ·
1889 4177 2071 4229 ἐκείνου
2096 4182 2146 4230 δὲ
2168 4183 2391 4234 ἐλθόντος
2407 4185 2489 4232 καὶ
2506 4185 2667 4246 ἀπαγ-

260 4257 362 4317 &pas
377 4258 606 4318 πονηροὺς
620 4257 726 4316 (the
741 4258 1408 4319 contribules=cvuaevaroe5
1465 4323 1470 4331 Ι
1506 4264 1769 4322 γείλαντος
1804 4258 1863 4312 ὠς
1896 4262 2018 4310 εἰσὶν
2050 4263 2241 4325 ἑδραῖοι,
2268 4266 2458 4327 χαίρων
2484 4267 2667 4328 ’γράφει

259 4338 310 4387 of
333 4339 416 4389 the
443 4339 806 4390 Thessalonian
835 4340 1139 4402 Christians;
1173 4339 1234 4391 cf.
1263 4341 1406 4406 infra
1505 4344 1622 4404 πρὸς
1644 4342 1835 4392 αὐτούς·
1872 4345 1976 4401 ἅμα,
2008 4346 2059 4392 δὲ
2092 4342 2299 4395 οἰκούσας
2332 4343 2405 4396 ὅτι
2437 4348 2546 4408 περὶ
2580 4349 2664 4396 τὸν

258 4433 314 4467 on
337 4435 376 4468 c.
407 4419 458 4468 ii.
489 4421 568 4481 14)
593 4422 674 4468 καὶ
695 4417 1122 4482 ὀχλοποιήσαντες,
1151 4424 1298 4472 κ.τ.λ.
1501 4427 1610 4486 βίον
1636 4422 1959 4482 ἐλαττώματά
1982 4443 2090 4474 τινα
2111 4428 2261 4488 εἶχον,
2280 4429 2359 4475 καὶ
2377 4423 2494 4489 πρὸς
2508 4431 2664 4477 ταῦτα

321 4515 392 4551 ιο.
437 4501 760 4567 prcfia'scere]
797 4503 1014 4562 Ronsch,
1037 4504 1190 4564 Itala,
1213 4520 1263 4568 p.
1287 4520 1398 4568 30¹·
1500 4503 1695 4568 γράφει.
1764 4507 1842 4554 καὶ
1865 4505 1987 4566 αὕτη
2008 4505 2040 4568 ἡ
2064 4508 2301 4557 ὑπόθεσις.

416 4615 467 4663 S.
532 4615 605 4666 II.
2454 4621 2478 4666 1
