3250 5025
414 2287 486 2356 15

522 347 644 395 110

1182 345 1641 401 THEODORUS
1688 343 2276 400 MOPSUESTENUS

2552 331 2710 416 [III.
2745 343 2933 413 3—5.

511 536 743 594 omnm,
773 537 899 582 nen
943 519 1377 585 recordantem
1422 521 1771 598 malitiam,
1822 521 1889 584 in
1936 520 2431 586 mansuetudine
2474 519 2788 585 docentem
2832 539 2935 584 eos

511 619 632 701 qui
674 620 1032 697 resistunt,·
1093 622 1249 687 licet
1296 624 1350 686 si
1402 632 1471 688 et
1520 625 1862 706 increpare
1922 621 2284 707 aliquando
2337 625 2423 687 sit
2468 622 2934 699 necessarium,

511 723 821 787 uideatur
850 723 937 787 ab
974 724 1120 807 ipsa
1151 727 1548 791 necessitate
1579 725 1743 791 illud
1789 725 2023 804 facere,
2062 736 2130 792 et
2161 746 2296 790 non
2328 726 2582 794 arbitrii
2618 725 2719 790 sui
2764 724 2933 788 fero-

513 827 738 893 citate.
831 828 1123 913 denique
1154 829 1317 894 dicit
1344 854 1360 896 ι

640 997 762 1061 sed
781 997 1131 1062 modestum
1160 1019 1304 1078 esse,
1336 1019 1462 1064 non
1491 999 1870 1084 litigzbsum.

642 1123 747 1187 his
779 1125 982 1189 adicit
1013 1133 1080 1190 et
1109 1124 1290 1190 aliud
1318 1150 1332 1192 ε

646 1295 773 1338 non
802 1274 1105 1358 cupidum
1119 1277 1566 1358 pecuniarum.

645 1402 774 1466 hoc
818 1423 977 1485 prae
1017 1404 1251 1468 ceteris
1293 1405 1602 1469 omnibus
1645 1407 2087 1470 necessarium
2141 1414 2242 1470 est
2280 1407 2613 1488 episcopo,
2651 1405 2831 1488 quod
2878 1403 2933 1468 si

516 1508 611 1571 illi
648 1507 775 1571 hoc
812 1527 947 1571 non
988 1507 1292 1582 adsuerit,
1338 1528 1707 1592 numquam
1754 1509 2173 1592 diligentiam
2220 1509 2498 1574 adhibet
2535 1509 2935 1573 conuenien-

647 1877 910 1942 domum
938 1897 1130 1942 suam
1162 1877 1309 1942 bene
1335 1887 1667 1962 regentem.

413 1625 492 1674 10
517 1614 703 1688 tium,
745 1631 827 1674 eo
873 1610 1054 1694 quod
1103 1610 1434 1693 cupiditas
1477 1612 1911 1694 pecuniarum
1954 1611 2167 1676 multa
2216 1632 2369 1677 eum
2408 1612 2624 1677 facere
2672 1610 2933 1694 inpellit

517 1737 608 1782 ex
639 1716 766 1780 illis
797 1737 969 1800 quae
1001 1715 1138 1780 fieri
1171 1735 1305 1779 non
1335 1716 1759 1780 conueniunt.

649 2007 775 2071 hoc
807 2015 926 2081 est,
962 2013 978 2039 ‘
999 2007 1499 2090 dispensantem
1531 2013 1601 2071 et
1631 2005 2049 2090 diligentiam
2100 2005 2573 2072 adhibentem.'
2648 2004 2934 2086 denique

521 2121 590 2176 et
621 2111 842 2195 ipsum
875 2109 1170 2193 regimen
1201 2109 1562 2174 ostendens
1592 2109 1754 2192 quid
1786 2109 1983 2187 dicat,
2016 2105 2297 2175 adiecit:

630 2277 822 2362 filios
848 2276 1178 2342 habentem
1209 2276 1280 2341 in
1306 2275 1683 2342 subiectione
1709 2297 1857 2341 cum
1885 2277 2071 2342 omni
2079 2277 2427 2362 pudicitia.

651 2413 721 2470 et
750 2403 856 2468 his
885 2412 1372 2487 consequenter
1400 2405 1605 2469 adicit
1635 2429 1649 2470 :

648 2556 716 2622 si
737 2568 955 2622 autem
985 2557 1132 2639 quis
1162 2557 1390 2623 domui
1411 2579 1566 2623 suae
1595 2567 1892 2641 praeesse
1924 2558 2137 2636 nescit,
2166 2559 2474 2642 quomodo
2501 2558 2784 2624 ecclesiae
2810 2558 2944 2623 Dei

517 2662 929 2746 diligentiam
959 2662 1329 2731 adhibebit?

651 2792 765 2876 qui
806 2812 965 2856 suos
1018 2792 1492 2857 conuenienter
1538 2813 1765 2876 regere
1805 2793 2035 2870 nescit,
2066 2792 2281 2857 multo
2329 2794 2541 2876 magis
2590 2791 2935 2857 ecclesiam

617 3092 646 3127 2
683 3076 800 3126 licet
831 3090 886 3125 se
907 3080 959 3125 et
985 3074 1031 3125 C
1050 3073 1079 3099 *
1101 3073 1172 3124 II
1224 3072 1343 3123 licet
1363 3072 1404 3123 si
1430 3074 1528 3134 (om
1549 3070 1620 3135 et)
1646 3090 1708 3123 r:
1741 3080 1824 3122 txt
1848 3072 1894 3122 C
1913 3070 2059 3137 (corr)

1599 3152 1659 3205 16
1694 3153 1819 3204 dicit
1840 3168 1873 3202 r

522 3158 638 3223 (for
655 3158 790 3219 eum)
831 3156 919 3205 Cr

517 3240 659 3292 bebit
689 3239 804 3304 (fhr
838 3235 975 3299 adh.)
1011 3248 1046 3287 r

1066 3169 1123 3206 12
1169 3169 1311 3205 Suam
1333 3170 1412 3205 om
1434 3169 1467 3203 r

519 3404 565 3453 q.
594 3403 645 3437 v.
712 3386 826 3435 The
857 3382 1055 3433 version
1086 3382 1207 3433 here
1237 3382 1331 3433 has
1361 3383 1492 3433 been
1535 3383 1685 3432 made

519 3472 598 3521 off
611 3470 750 3521 hand
771 3469 872 3519 and
889 3468 1100 3518 without
1121 3467 1372 3517 reference
1395 3474 1448 3517 to
1471 3466 1685 3530 existing

518 3552 872 3612 translationsg
905 3551 1005 3601 and
1026 3550 1080 3600 in
1102 3550 1188 3601 the
1211 3550 1422 3614 original
1454 3550 1541 3599 the
1573 3555 1679 3599 text

518 3650 731 3701 appears
768 3641 823 3683 to
856 3632 986 3681 have
1021 3631 1152 3681 been
1185 3629 1377 3694 loosely
1411 3630 1679 3680 cited—6⁴·

521 3718 743 3769 δακτικόν
773 3714 866 3764 has
899 3712 1247 3777 disappeared‚
1283 3712 1386 3761 and
1423 3710 1499 3761 for
1530 3710 1679 3772 ἀνεξί-

520 3817 670 3850 κακον
699 3798 787 3849 the
818 3795 1085 3847 translator
1116 3808 1278 3843 seems
1309 3800 1363 3841 to
1405 3792 1534 3843 have
1577 3792 1681 3842 had

519 3882 690 3932 before
723 3880 830 3929 him
863 3878 1189 3939 ἀμνησίκακον
1211 3875 1332 3936 (non
1355 3875 1683 3924 raordantem

521 3961 809 4021 malitiam).

591 4054 634 4103 7.
709 4055 812 4089 non
859 4036 1094 4101 cupidum
1137 4035 1270 4100 pec-1
1332 4033 1682 4098 ἀφιλάργυρον.

522 4126 636 4175 The
668 4123 733 4174 O.
769 4122 830 4172 L.
866 4120 966 4170 and
998 4118 1148 4183 Vulg.
1182 4119 1308 4169 omit
1331 4119 1683 4184 pecuniarum.

524 4206 746 4257 Domum
787 4217 934 4251 suam
978 4199 1022 4249 b.
1075 4207 1325 4263 regmtm‚
1382 4215 1440 4249 so
1484 4198 1548 4249 Ο.
1589 4198 1682 4259 L.;

522 4284 675 4351 Vulg.
706 4288 736 4312 “
751 4298 870 4333 suae
889 4282 1064 4331 domui
1084 4280 1137 4329 b.
1161 4282 1513 4345 praepositum.
1527 4278 1555 4302 '⁹

593 4382 668 4429 13.
739 4365 827 4414 hoc
847 4368 929 4421 est,
951 4360 1328 4425 ammanitem]
1373 4360 1455 4411 cf.
1481 4360 1682 4425 Chrys-2

519 4444 662 4499 τοῦτο
695 4446 776 4497 καὶ
813 4446 855 4495 ol
890 4442 1063 4506 ἔξωθέν
1095 4448 1260 4504 φασιν,
1298 4443 1374 4492 ὅτι
1405 4442 1433 4493 ὁ
1467 4444 1683 4493 οἰκονο-

407 2914 494 2964 20
521 2915 749 2979 regere
777 2895 884 2960 uel
915 2894 1156 2959 docere
1187 2894 1459 2959 minime
1488 2896 1751 2977 poterit.
1842 2915 2001 2959 nam
2032 2894 2213 2978 quod
2245 2895 2459 2959 dixit:
2485 2894 2674 2979 filios
2706 2894 2936 2959 liaben-

2310 3088 2369 3123 ιο
2401 3072 2688 3138 pecuniaria
2709 3088 2741 3122 r
2767 3070 2777 3137 Ι
2803 3072 2937 3122 enim

2038 3165 2097 3217 17
2131 3152 2175 3203 si
2196 3153 2309 3219 quis
2330 3161 2497 3204 autem
2520 3154 2607 3204 Cr
2760 3157 2818 3205 18
2852 3154 2939 3205 ha·

1782 3382 1944 3441 μικὸς
1967 3381 2048 3430 καὶ
2069 3380 2317 3431 πολιτικὸς
2338 3378 2399 3430 ἂν
2420 3380 2613 3443 γένοιτο
2632 3382 2837 3444 ταχέως.

1854 3479 1929 3529 15.
1997 3466 2057 3515 in
2093 3463 2395 3526 subiectione]
2432 3465 2486 3513 ἐν
2523 3461 2749 3526 ita-orem&
2780 3463 2863 3525 (cf.
2896 3478 2944 3514 c.

1781 3548 1836 3597 ii.
1866 3546 1965 3609 11).
2025 3548 2263 3606 Claram,
2292 3546 2438 3595 Hier.
2463 3544 2646 3605 (once),
2674 3545 2777 3594 “in
2798 3545 2940 3595 obse·

1783 3629 1903 3694 quio
1915 3628 1972 3692 ”3
2010 3629 2183 3689 Amb.,
2222 3627 2491 3687 Ambrstr„
2529 3626 2701 3691 Vulg.,
2730 3627 2941 3678 “subdi-

1782 3710 1913 3764 tos.’'

1852 3795 1929 3843 18.
1960 3836 1967 3845 .
1994 3792 2136 3857 dilig.
2160 3790 2425 3853 adhibebit]
2458 3790 2526 3841 Ο.
2550 3790 2608 3841 L.
2639 3790 2741 3840 and
2762 3790 2937 3855 Vulg„

1784 3873 2077 3924 “habebit’'
2093 3892 2109 3935 ς
2165 3874 2410 3923 adhibebit
2450 3887 2625 3922 occurs
2666 3872 2721 3921 in
2764 3872 2943 3923 Gildas

1784 3955 1839 4019 Π·
1858 3956 1973 4019 576]
1994 3957 2053 4005 de
2070 3962 2169 4005 ext.
2187 3956 2327 4005 Brit.
2346 3955 2417 4005 iii.
2438 3969 2517 4017 23.
2568 3954 2673 4005 For
2692 3955 2779 4005 the
2801 3970 2945 4005 sense

1784 4038 1845 4088 of
1881 4030 2149 4101 προστῆνᾴι
2192 4053 2276 4089 see
2319 4037 2419 4087 Th.
2464 4052 2533 4087 on
2578 4037 2731 4087 Rom.
2774 4037 2862 4089 xii.
2912 4040 2943 4089 8

1785 4122 1998 4186 (Migne,
2027 4119 2161 4181 861).

1854 4216 1930 4265 19.
1996 4198 2595 4265 multomagirecclesiam]
2629 4200 2709 4250 Cf.
2728 4200 2946 4265 Thpht.=

1784 4286 1921 4335 οὐδὲν
1950 4284 2049 4347 ’γάρ
2082 4285 2215 4333 ἐστιν
2248 4284 2275 4333 ὀ
2308 4284 2435 4333 οἶκος
2464 4279 2498 4343 ἦ
2528 4283 2673 4345 μικρὰ
2711 4284 2949 4342 ἐκκλησία

1785 4365 1869 4428 (he
1892 4365 2053 4429 might
2082 4365 2212 4416 have
2239 4364 2408 4415 added
2433 4364 2571 4413 οὐδὲν
2592 4362 2624 4424 ἡ
2647 4364 2881 4422 ἐκκλησία
2916 4361 2953 4424 ἢ

1782 4446 1937 4511 μέγας
1959 4448 2084 4498 οἴκοι
2103 4446 2169 4510 [c.
2198 4445 2270 4497 iii.
2305 4462 2380 4509 14,
2411 4461 2440 4496 2
2462 4446 2598 4496 Tim.
2622 4445 2673 4497 ii.
2705 4442 2828 4509 201).
