3250 5025
331 305 413 373 V.
454 306 572 390 16.]
1053 320 1135 370 IN
1186 320 1290 370 ΕΡ.
1337 321 1440 370 An
1485 321 1949 374 τιΜοΤΗΕυΜ
2000 321 2045 371 1.
2632 303 2753 383 167

325 480 444 559 'diu
475 498 796 579 quamdiu
829 498 978 580 quis
1013 495 1204 580 [non]
1241 495 1594 578 plurimam
1626 496 1893 560 uirtutis
1924 495 2343 579 diligentiam
2377 494 2444 558 in
2479 513 2753 558 conuer-

332 599 591 664 satione
621 620 743 664 sua
773 601 1084 664 ostendit.
1174 598 1420 664 deinde
1451 600 1697 664 adiecit
1729 608 1799 664 et
1830 599 2013 663 aliud
2041 621 2055 663 :

459 765 526 828 si
565 763 712 847 quis
736 763 964 849 fidelis
1005 761 1196 826 habet
1221 761 1476 840 uiduus,
1508 762 1960 826 subministret
1998 761 2107 839 eis,
2153 771 2229 825 ut
2270 782 2397 824 non
2430 769 2759 842 grauetur

331 868 598 933 ecclesia.

467 1007 608 1060 est:
651 996 844 1060 sicuti
891 997 1066 1060 enim
1117 997 1182 1058 in
1236 995 1686 1077 superioribus
1734 996 1821 1059 de
1874 992 2003 1056 illis
2053 993 2230 1057 dixit
2278 1013 2451 1077 quae
2503 992 2755 1057 habent
2833 1002 2864 1070 5

335 1101 509 1165 filios
555 1111 672 1164 aut
713 1111 1008 1183 nepoteS,
1043 1111 1117 1164 ut
1155 1103 1241 1165 ab
1283 1101 1410 1164 illis
1458 1101 1868 1176 nutriantur;
1920 1099 2015 1162 sic
2054 1107 2121 1161 et
2168 1095 2297 1160 hoc
2339 1097 2405 1160 in
2450 1095 2598 1160 loco
2639 1116 2753 1158 eos

338 1206 451 1289 qui
493 1204 722 1268 fideles
761 1204 1012 1268 habent
1057 1206 1124 1268 in
1170 1204 1485 1268 domibus
1529 1203 1668 1265 suis
1712 1201 1953 1266 uiduas
2003 1199 2146 1264 uult
2199 1209 2275 1264 ut
2334 1199 2755 1283 diligentiam

339 1308 470 1372 illis
523 1307 907 1383 adhibeant,
963 1307 1055 1370 ita
1109 1315 1184 1369 ut
1234 1306 1514 1369 ecclesia
1565 1325 1698 1367 non
1760 1303 2043 1366 multam
2100 1302 2618 1367 sollicitudinem
2672 1303 2759 1367 de

333 1411 582 1476 talibus
633 1412 1002 1476 sustineret.
1093 1420 1160 1475 et
1209 1419 1283 1474 ut
1331 1430 1414 1473 ne
1467 1408 1774 1473 uideatur
1820 1407 1947 1471 hoc
1996 1408 2175 1482 idem
2231 1407 2380 1491 lege
2450 1416 2760 1482 statuere,

334 1526 413 1583 ut
443 1517 560 1580 tali
605 1516 953 1580 occasione
995 1514 1063 1578 hi
1105 1516 1218 1597 qui
1265 1522 1583 1597 praesunt
1625 1513 1917 1576 ecclesiis
1958 1511 2274 1594 pecunias
2317 1513 2578 1594 possint
2625 1508 2758 1574 col-
2798 1517 2876 1565 10

337 1619 560 1703 ligere,
612 1620 821 1682 securi
869 1626 1183 1681 extantes
1229 1638 1269 1681 a
1315 1616 1747 1680 multitudine
1792 1623 1861 1678 et
1905 1614 2351 1679 sollicitudine
2403 1613 2757 1680 uiduarum

334 1722 576 1804 quibus
606 1723 978 1786 necessaria
1009 1730 1366 1805 praestent,
1397 1722 1568 1786 bene
1600 1722 1885 1784 adiecit:

468 1893 547 1947 ut
570 1881 679 1946 his
705 1903 869 1965 quae
895 1903 1090 1946 uerae
1111 1893 1270 1947 sunt
1297 1882 1536 1946 uiduae
1562 1881 1857 1964 sufficiat.

469 2018 486 2045 ‘
509 2032 702 2076 ueras
732 2011 971 2074 uiduas
994 2009 1009 2034 '
1039 2011 1201 2074 dicit
1238 2009 1386 2073 illas
1424 2030 1599 2092 quae
1640 2029 1729 2071 ex
1770 2005 1957 2070 omni
1994 2015 2187 2088 parte
2231 2017 2387 2071 sunt
2418 2005 2763 2070 desolatae

337 2126 406 2180 et
456 2115 793 2180 neminem
851 2114 1102 2177 habent
1153 2114 1266 2195 qui
1329 2111 1748 2194 diligentiam
1810 2109 1940 2173 illis
2000 2109 2334 2174 adhibeat.
2426 2110 2520 2174 sic
2580 2113 2759 2176 enim
2798 2122 2866 2196 1·5

337 2228 602 2302 poterat
679 2217 940 2282 illarum
1000 2217 1215 2280 facere
1276 2216 1768 2298 prouidentiam
1832 2214 2111 2277 ecclesia
2171 2235 2344 2296 quae
2418 2215 2762 2280 desolatae

336 2332 510 2400 sunt,
541 2323 818 2406 quando
861 2343 997 2386 non
1050 2322 1414 2386 multarum
1471 2319 1990 2384 sollicitudinem
2034 2319 2380 2404 [habebat]
2436 2323 2553 2385 sed
2600 2344 2761 2405 pau·

337 2449 587 2504 carum,
658 2428 1139 2492 auxiliantibus
1190 2429 1286 2491 eis
1335 2428 1422 2491 ad
1483 2426 1613 2490 hoc
1668 2425 1997 2502 fidelibus,
2052 2427 2107 2489 si
2168 2435 2397 2490 tamen
2445 2429 2763 2510 praebere

339 2532 667 2596 ualuerint
719 2554 807 2596 ex
849 2533 1090 2615 opibus
1126 2534 1278 2597 suiS.
1371 2532 1501 2596 illis
1540 2553 1698 2596 uero
1746 2532 1967 2596 uiduis
1997 2553 2166 2615 quas
2212 2532 2279 2595 in
2326 2532 2564 2596 domos
2611 2554 2764 2616 pro-

341 2637 518 2718 prias
575 2636 818 2720 singuli
875 2636 1146 2717 habent,
1206 2638 1657 2721 prouisionem
1734 2637 1861 2701 illis
1932 2635 2149 2701 facere
2208 2637 2635 2718 adhortatur.;
2708 2638 2763 2702 si
2794 2655 2881 2705 20

341 2750 565 2804 autem
610 2750 891 2806 matrem
935 2741 1186 2808 habent
1233 2754 1351 2808 aut
1396 2744 1641 2817 auiam,
1675 2751 1946 2826 propter
1992 2760 2324 2805 summam
2378 2742 2764 2825 propinqui-

339 2853 550 2909 tatem
597 2866 718 2929 pro
764 2846 1002 2910 uirium
1048 2869 1316 2912 suarum
1363 2849 1688 2932 qualitate
1734 2846 2154 2928 diligentiam
2204 2845 2336 2908 illis
2381 2844 2764 2910 adhibeant.

469 2960 662 3015 tanta
690 2972 890 3035 super
918 2950 1176 3017 alendis
1207 2955 1426 3019 uiduis
1458 2954 1824 3038 disputans
1849 2954 2007 3036 quia
2038 2952 2103 3015 in
2136 2950 2583 3034 superioribus
2613 2950 2765 3014 dix-

442 3142 463 3176 1
502 3124 665 3174 donec
698 3122 811 3188 (for
841 3122 1098 3189 quamdiu)
1135 3122 1200 3189 r}
1229 3140 1332 3175 non
1363 3138 1442 3173 om
1479 3122 1600 3173 CH
1612 3118 1679 3185 r!
1707 3119 1795 3185 qui
1830 3120 1946 3185 (sor
1970 3116 2103 3185 quis)
2126 3119 2195 3168 Η
2218 3120 2367 3180 (corr)
2397 3117 2405 3182 Ι
2436 3118 2644 3168 uirtutes
2683 3116 2763 3166 C*

337 3203 572 3254 uirtutem
596 3204 665 3253 Η
675 3220 708 3253 r
919 3220 946 3254 2
981 3206 1212 3255 ostendat
1241 3206 1286 3255 C
1305 3201 1449 3268 (corr)
1474 3219 1509 3252 r
1531 3200 1540 3267 Ι
1569 3202 1725 3251 adicit
1753 3202 1796 3252 C
2024 3216 2053 3265 3
2088 3199 2131 3249 si
2153 3199 2265 3264 quis
2286 3198 2321 3249 f.
2349 3197 2430 3248 uel
2453 3198 2495 3247 si
2517 3212 2620 3262 qua
2640 3196 2673 3247 f.
2704 3196 2758 3257 νΙ

339 3281 440 3331 inis
479 3282 596 3345 (for
631 3282 724 3344 eis)
761 3280 826 3346 νΙ
856 3289 908 3333 et
942 3282 1061 3347 (for
1095 3283 1172 3344 ut)
1198 3298 1240 3331 ·r
1535 3292 1561 3344 5
1597 3279 1783 3330 etenim
1820 3278 1967 3328 sicuti
2006 3275 2119 3342 (for
2152 3284 2228 3327 est
2268 3275 2412 3325 sicuti
2451 3275 2590 3324 enim
2624 3270 2695 3337 in)
2735 3289 2770 3323 r

338 3365 371 3415 6
401 3366 682 3415 nutrientur
709 3363 786 3413 C*
809 3363 877 3413 H
1129 3364 1160 3413 8
1193 3362 1516 3413 solitudinem
1561 3359 1674 3425 (sor
1706 3359 1885 3417 sollic.)
1930 3359 1973 3407 C
1982 3356 2010 3383 ⁴⁹
2271 3371 2302 3424 9
2335 3356 2577 3407 sustinere
2605 3353 2683 3405 C*
2708 3355 2771 3405 H

335 3447 580 3497 sustinere
595 3454 802 3511 cogatur
827 3446 872 3495 C
893 3444 1042 3509 (corr)
1257 3460 1314 3495 ια
1349 3444 1502 3493 adicit
1531 3444 1576 3493 C
1593 3458 1629 3491 r
1842 3456 1861 3489 ι
1870 3457 1899 3505 3
1932 3456 2051 3491 uere
2072 3440 2140 3489 H
2160 3438 2169 3504 Ι
2195 3440 2298 3491 uid.
2324 3447 2441 3491 sunt
2463 3456 2495 3489 r
2704 3455 2765 3501 14

339 3528 600 3577 desolatae
629 3528 670 3578 C
679 3524 708 3551 ⁴*
912 3542 968 3589 ¹7
1004 3526 1223 3577 habebat
1244 3541 1323 3577 om
1351 3526 1394 3576 C
1413 3525 1480 3577 H
1493 3541 1528 3574 r
1723 3540 1779 3575 αι
1819 3530 1905 3573 aut
1929 3520 2043 3587 (for
2060 3519 2250 3586 autem)
2275 3537 2309 3571 r

407 3695 453 3743 3.
521 3678 568 3727 si
601 3677 714 3743 quis
737 3676 925 3741 fideles]
962 3676 1032 3727 So
1056 3674 1119 3728 Ο.
1145 3676 1206 3725 L.
1233 3676 1496 3734 (Claram..
1601 3672 1725 3724 lxix.

341 3760 615 3817 Ambrstr.,
635 3761 824 3824 Aug.);
847 3758 1000 3825 Vulg.
1025 3758 1213 3821 (Ana),
1239 3757 1322 3809 “si
1346 3754 1496 3823 qua.'‘
1672 3772 1746 3818 14.
1822 3753 1997 3802 ‘ueras
2018 3749 2232 3801 uiduas’
2252 3749 2395 3811 dicit]
2463 3750 2543 3802 Cf.
2566 3766 2617 3817 p.
2651 3750 2757 3812 156,

340 3840 520 3904 Chrys.
560 3838 661 3889 and
690 3836 849 3888 Thdt.
886 3837 1005 3888 read
1043 3840 1220 3889 πιστὸς
1253 3834 1290 3896 ἢ
1323 3832 1497 3896 πιστή.
1599 3838 1634 3887 1.
1670 3850 1729 3885 ιο
1750 3850 1826 3899 sq.
1897 3834 1959 3885 In
1983 3833 2071 3884 the
2094 3840 2199 3885 text
2222 3833 2311 3883 the
2344 3839 2455 3883 true
2486 3832 2695 3897 reading
2722 3834 2765 3883 is

341 3922 441 3971 Est
482 3918 539 3981 (1.
586 3918 635 3983 5)
672 3918 715 3969 is
755 3918 1081 3984 superfluous,
1121 3920 1222 3969 and
1259 3919 1353 3969 has
1389 3933 1499 3984 per·
1600 3918 2083 3983 perhapsquaeuere
2094 3931 2135 3964 s.
2154 3914 2337 3965 uiduae
2342 3931 2367 3976 ‚⁰
2389 3914 2451 3964 cf.
2469 3914 2555 3965 the
2571 3914 2763 3965 variant

339 4000 467 4065 haps
487 3999 616 4050 been
639 3998 806 4049 added
828 3998 955 4049 from
978 3998 1066 4051 the
1088 3998 1300 4063 margin.
1600 4001 1738 4057 here,
1760 3999 1862 4049 and
1884 4014 1934 4064 p.
1960 4012 2067 4061 153,
2093 3998 2127 4047 l.
2153 4013 2227 4060 14.
2268 3998 2339 4049 So
2361 3998 2561 4057 Amhr..
2580 3998 2763 4065 Vulg.;

406 4080 455 4132 6.
522 4088 582 4130 ut
611 4082 674 4131 ab
702 4082 812 4134 illis
849 4080 1176 4143 nutriantur]
1261 4082 1344 4133 Se.
1385 4078 1504 4147 filia·
1607 4080 1846 4139 Claram„
1874 4077 2143 4134 Ambrstr..
2166 4077 2416 4134 however,
2439 4092 2527 4128 use
2556 4077 2643 4129 the
2673 4078 2763 4129 ad·

337 4168 433 4213 aut
450 4170 635 4229 nepotes
647 4181 669 4221 ,·
691 4162 755 4214 cf.
777 4170 951 4229 supra,
979 4178 1031 4228 p.
1061 4178 1168 4227 155,
1187 4163 1228 4215 1.
1257 4178 1336 4229 13,
1363 4170 1501 4214 note.
1597 4162 1786 4228 jective
1809 4158 1862 4225 (u
1877 4159 2011 4211 ueris
2032 4160 2199 4211 uiduis
2212 4159 2279 4221 ”).

411 4261 489 4299 ιο.
555 4252 617 4295 ut
642 4246 742 4297 tali
768 4247 1022 4304 occasione,
1044 4246 1120 4298 &c
1143 4245 1164 4309 ]
1229 4246 1282 4297 Α
1302 4246 1502 4297 remark
1673 4260 1749 4309 23.
1816 4243 1877 4293 in
1891 4242 2221 4309 supa-:bribus
2239 4241 2371 4303 dia]
2428 4242 2522 4293 Le.
2544 4241 2599 4293 in
2622 4258 2669 4293 c.
2687 4241 2761 4293 iii.

339 4326 709 4377 characteristic
761 4327 824 4378 of
869 4342 964 4379 our
1025 4324 1249 4379 author’s
1301 4326 1502 4391 jealous
1602 4338 1750 4390 2—7,
1783 4324 1949 4377 where
2000 4325 2655 4388 ἐτίσκοποςειπρεσβύτερος
2690 4321 2761 4389 (p.

340 4408 504 4459 watch
559 4408 638 4459 for
687 4408 912 4475 possible
961 4408 1157 4459 abuses-
1233 4408 1313 4461 Cf.
1357 4419 1396 4458 1.
1442 4424 1493 4474 p.
1607 4409 1719 4464 118,
1742 4407 1861 4471 ιφ).
