3250 5025
277 408 406 472 111.
450 425 543 491 17,
586 406 704 491 18.]

837 421 918 471 IN
970 420 1074 470 ΕΡ.
1119 419 1224 469 AD
1269 412 2020 469 THESSALONICENSES
2067 411 2141 463 11.
2608 396 2687 475 65

406 591 650 655 deinde
709 600 856 653 orat
910 590 1105 653 tribui
1168 588 1262 652 eis
1336 607 1570 671 pacem
1646 607 1687 650 a
1749 587 1915 662 De0,
1972 586 2065 650 ita
2112 592 2187 649 ut
2236 602 2495 665 semper
2544 600 2691 644 eam

276 696 587 772 habeant,
617 706 684 761 et
715 704 788 760 ut
823 696 1039 759 modis
1071 695 1379 757 omnibus
1411 712 1674 775 semper
1704 691 1830 755 illis
1862 692 2037 755 adsit
2067 710 2106 753 a
2140 690 2305 753 Deo,

409 868 720 932 salutatio
751 888 892 931 mea
925 887 1126 929 manu
1158 864 1380 929 Pauli.

415 1013 958 1078 ‘salutationem'
1005 1014 1274 1077 uocauit
1321 1011 1918 1095 subscriptionem3
1964 1030 2085 1093 pro
2132 1007 2245 1071 illo
2290 1006 2467 1071 enim
2518 1004 2697 1088 quod

281 1139 404 1181 nos
463 1116 754 1181 solemus
815 1136 1080 1199 ponere,
1144 1122 1159 1147 ‘
1187 1115 1622 1190 incolumem,’
1686 1114 1797 1177 ille
1860 1133 2123 1196 semper
2182 1114 2412 1196 ponit:
2468 1109 2701 1193 gratia

277 1222 536 1287 domini
577 1221 788 1285 nostri
829 1222 978 1284 Iesu
1042 1219 1304 1286 Christi.
1392 1218 1565 1283 hanc
1625 1238 1785 1301 ergo
1844 1218 2351 1283 ‘salutationem
2373 1216 2387 1239 ’
2463 1224 2701 1287 uocat;

280 1350 404 1392 nec
435 1328 610 1391 enim
645 1327 910 1389 uidetur
939 1325 1199 1409 aliquos
1229 1326 1296 1389 in
1329 1324 1612 1408 epistola
1644 1346 1765 1388 sua
1796 1324 2139 1388 salutasse.

411 1497 591 1580 quod
617 1508 714 1561 est
745 1497 1012 1580 signum
1053 1497 1122 1561 in
1163 1496 1346 1560 omni
1383 1496 1647 1579 epistola
1664 1520 1695 1573 ,·
1740 1496 1835 1559 sic
1876 1496 2096 1560 scribo,
2176 1494 2411 1577 gratia
2450 1490 2710 1555 domini

283 1612 490 1665 nostri
521 1602 669 1663 lesu
705 1600 958 1665 Christi
982 1623 1126 1665 cum
1156 1602 1453 1665 omnibus
1483 1601 1680 1666 uobis.
1768 1622 1977 1665 amen.

414 1745 577 1810 ‘hoc
617 1748 816 1829 igitur
853 1749 1042 1831 quasi
1083 1748 1427 1830 signaculo
1473 1748 1715 1813 abutor
1743 1750 1811 1812 in
1843 1748 2025 1811 omni
2067 1745 2371 1831 epistola,
2412 1744 2703 1809 scribens

285 1846 448 1912 illud
474 1868 626 1913 mea
658 1870 888 1927 manu;
917 1852 1098 1934 quod
1131 1860 1200 1915 et
1233 1852 1296 1913 in
1331 1850 1456 1914 hac
1487 1850 1772 1934 epistola
1805 1850 1947 1926 feci,
1982 1852 2076 1915 ita
2107 1859 2182 1915 ut
2214 1869 2411 1912 nemo
2442 1847 2705 1911 dubitet

287 1972 472 2015 meas
503 1974 647 2017 esse
679 1954 968 2019 litteraS.’
1043 1954 1172 2017 hoc
1203 1964 1429 2019 autem
1467 1957 1733 2020 uidetur
1765 1955 1891 2019 hoc
1934 1958 2000 2019 in
2042 1953 2188 2018 loco
2221 1954 2539 2017 adiecisse
2571 1971 2704 2015 non

286 2054 607 2131 absolute,
641 2057 758 2120 sed
791 2059 947 2140 quia
979 2057 1072 2121 illi
1103 2058 1220 2141 qui
1252 2058 1338 2121 de
1367 2060 1947 2122 consummatione
1978 2056 2222 2121 saeculi
2265 2052 2710 2152 loquebantur

179 2156 182 2160 ’
287 2168 358 2223 et
405 2161 720 2226 dicebant
763 2182 914 2225 eam
959 2182 1104 2225 esse
1150 2162 1616 2245 propinquam,
1669 2165 2162 2245 persuadebant
2208 2166 2322 2241 εἰς,
2358 2162 2547 2245 quasi
2592 2160 2705 2243 qui

288 2272 356 2327 et
405 2284 496 2327 ex
555 2263 838 2347 epistola
881 2265 1181 2349 apostoli,
1209 2264 1336 2328 hoc
1377 2266 1554 2328 idem
1609 2265 2058 2348 significantes
2112 2267 2451 2343 dicerent3
2497 2268 2707 2349 quod-

288 2389 420 2452 que
464 2379 533 2432 et
579 2371 722 2452 ipse
767 2371 833 2433 in
881 2369 1326 2452 superioribus
1368 2368 1786 2451 significauit,
1817 2369 2108 2433 scribens
2140 2371 2234 2434 eis
2280 2391 2413 2433 non
2448 2371 2706 2434 suaderi

289 2472 419 2536 illis
472 2475 585 2556 qui
647 2495 764 2558 per
816 2473 1169 2558 epistolam
1231 2473 1517 2558 apostoli
1576 2474 1741 2538 haec
1802 2495 1873 2539 se
1932 2475 2151 2540 dicere
2210 2475 2707 2559 promittebant.

290 2579 656 2642 necessarie
709 2599 868 2660 ergo
923 2577 1050 2641 hoc
1104 2579 1170 2641 in
1219 2577 1366 2641 loco
1413 2577 1814 2661 significauit
1860 2578 1925 2642 in
1963 2579 2203 2663 quibus
2243 2581 2593 2662 scripserat
2623 2580 2710 2642 de

180 2709 190 2716 =
290 2682 394 2745 his
425 2683 510 2746 ad
553 2704 686 2760 eoS,
720 2683 1038 2766 quoniam
1080 2685 1222 2747 eius
1267 2694 1369 2747 est
1405 2683 1694 2766 epistola
1732 2683 1860 2747 hoc
1896 2683 2298 2748 salutatione
2344 2684 2709 2748 sufficiente

391 2874 419 2908 α
457 2860 575 2910 assit
597 2861 666 2911 Η
861 2861 891 2910 8
928 2862 999 2912 sic
1021 2861 1190 2911 scribit
1219 2863 1276 2911 H
1337 2862 1408 2911 ita
1429 2863 1592 2912 scribo
1616 2880 1649 2910 r
1840 2879 1899 2914 10
1932 2872 2044 2915 utor
2068 2865 2182 2930 (χόν
2199 2863 2397 2928 abutor)
2420 2881 2453 2913 r
2650 2880 2671 2914 ι
2686 2877 2703 2911 ι

289 2955 494 2990 manum
511 2958 545 2991 r
761 2959 819 3004 14
852 2943 924 2992 eis
945 2960 1024 2991 om
1047 2944 1114 2992 Η
1176 2944 1454 2994 suadebant
1476 2944 1572 2994 hoc
1595 2947 1620 2994 l
1824 2961 1879 3009 15
1916 2948 1967 2996 id
1990 2954 2065 2996 est
2089 2947 2205 3010 (sor
2222 2947 2380 3006 idem)
2406 2962 2439 2994 r
2651 2945 2709 2995 16

289 3025 498 3074 suadere
523 3025 620 3074 inis
649 3025 693 3074 C
705 3025 772 3074 Η
817 3025 1102 3089 persuaderi
1124 3025 1191 3074 ab
1214 3025 1312 3074 illis
1334 3041 1366 3073 r
1605 3039 1661 3090 17
1696 3028 2021 3092 promittebat
2048 3029 2120 3078 C*
2135 3029 2204 3079 Η
2428 3031 2486 3078 18
2518 3043 2707 3078 necess-

290 3107 399 3157 ario
421 3123 453 3157 r

291 3260 538 3309 dominus.
584 3260 764 3324 Chrys.
795 3260 898 3310 and
931 3260 1089 3310 Thdt.
1125 3261 1244 3310 read
1279 3264 1446 3324 κύριος,

291 3343 384 3392 but
407 3339 515 3391 θεός
535 3341 665 3392 finds
685 3341 830 3407 place
855 3342 906 3391 in
929 3342 1015 3392 the
1039 3350 1142 3392 text
1166 3343 1224 3392 os
1240 3343 1450 3408 Thpht.,

291 3424 393 3473 and
415 3440 574 3474 seems
597 3431 650 3474 to
671 3424 738 3474 be
759 3424 966 3488 implied
989 3425 1058 3488 by
1077 3425 1161 3474 the
1177 3432 1455 3474 comments

293 3507 352 3556 of
368 3506 466 3556 Th.
482 3507 580 3556 and
602 3507 724 3557 Oec.
764 3507 1067 3570 Probablyit
1085 3522 1188 3556 was
1207 3507 1454 3572 imported

294 3587 402 3636 into
419 3587 516 3638 this
533 3587 678 3653 place
693 3588 819 3637 srom
843 3602 863 3637 1
886 3589 1064 3638 Thess.
1087 3605 1136 3638 v.
1163 3604 1242 3652 23.
1303 3589 1403 3638 For
1425 3605 1456 3637 a

294 3669 484 3720 similar
503 3669 816 3735 uncertainty
833 3686 916 3720 see
941 3684 968 3718 2
987 3671 1165 3720 Thess.
1188 3671 1258 3719 iii.
1277 3685 1321 3731 3.
1385 3671 1456 3718 In

295 3758 440 3807 omni
459 3757 597 3806 modo
608 3770 633 3814 ;
656 3759 687 3783 ⁸⁸
704 3757 818 3806 loco
831 3755 858 3778 '³
883 3753 1057 3820 (τόπῳ)
1078 3757 1118 3806 is
1136 3757 1220 3806 the
1237 3757 1454 3807 unisorm

295 3839 504 3902 reading
535 3839 594 3888 of
623 3838 710 3888 the
743 3838 894 3888 Latin
930 3839 1169 3888 versions.
1226 3841 1390 3888 Amen
1411 3839 1454 3888 is

296 3922 546 3987 probably
566 3921 668 3970 due
689 3929 742 3971 to
766 3936 797 3970 a
817 3921 1031 3986 copyist.

359 4021 409 4066 4.
485 4003 638 4052 salut.
674 4004 870 4052 uocauit
899 4003 1107 4064 mhi-cr]
1129 4025 1174 4046 =
1192 4000 1453 4058 ἀσπασμὸν

299 4088 530 4136 ἐκάλεσεν
580 4084 672 4145 τὴν
737 4083 1044 4148 ὑπογραφῆν.
1108 4085 1188 4135 Cf.
1239 4085 1418 4149 Chrys.
1440 4103 1454 4134 ι

296 4169 560 4226 ἀσπασμὸν
614 4169 666 4216 δὲ
721 4168 862 4214 καλεῖ
904 4163 995 4226 τὴν
1048 4163 1214 4228 εὐχήν.
1280 4167 1454 4216 Thdt.:

297 4252 420 4300 ἀπ’.
457 4247 691 4299 ἐκάλεσεν
738 4247 830 4310 τὴν
870 4247 922 4298 ὲν
958 4247 1032 4311 ‘rifi
1064 4251 1196 4298 τέλει
1241 4249 1459 4309 κειμένην

295 4331 539 4396 εὐλογίαν.

364 4429 412 4480 5.
464 4413 780 4476 incolumem]
799 4414 882 4465 Sc.
907 4412 1192 4462 “custodiat
1207 4417 1258 4461 te
1271 4411 1412 4461 Deus
1428 4409 1460 4434 ’⁹

298 4497 383 4557 (cf.
418 4512 515 4561 e-g.
552 4495 726 4558 Migne
759 4493 822 4541 P.
840 4493 901 4542 L.
937 4491 1019 4558 69,
1066 4506 1172 4554 127.
1214 4506 1308 4556 599
1347 4489 1460 4555 sq.).

480 4605 532 4657 S.
583 4605 655 4657 11.

652 3122 710 3173 ¹9
743 3109 840 3158 hoc
863 3109 1214 3158 salutationem
1245 3110 1288 3158 C
1349 3109 1418 3157 ob
1439 3109 1788 3160 salutationem
1808 3127 1841 3158 r
1866 3109 1874 3174 Ι
1900 3111 2225 3162 sufficientem
2248 3128 2281 3160 r

1551 3263 1733 3313 Thdt.:
1775 3262 2081 3324 μανθάνομεν
2114 3266 2267 3314 τοίνυν
2304 3261 2517 3314 ἐντεῦθεν
2552 3261 2610 3314 ὡς
2651 3266 2710 3313 τὸ

1551 3342 1583 3403 ἠ
1605 3343 1742 3408 χάρις
1766 3343 1852 3393 τοῦ
1869 3343 1983 3394 κ.“Ῑ.
2004 3346 2085 3402 Χ.,
2111 3348 2255 3394 κ.τ.λ.
2273 3345 2375 3394 ἀντὶ
2394 3347 2483 3395 τοῦ
2510 3343 2709 3408 ’ἐρρῶσ-

1555 3429 1635 3476 Oa!
1660 3445 1716 3476 σε
1739 3426 1752 3449 ’
1772 3429 1982 3489 γράφειν
2006 3429 2175 3476 εἰώθει.
2206 3427 2308 3476 For
2342 3443 2373 3477 a
2410 3427 2599 3477 similar
2634 3443 2707 3477 re·

1555 3508 1699 3558 mark
1744 3509 1865 3558 with
1904 3511 2081 3573 regard
2116 3517 2169 3558 to
2208 3509 2293 3558 the
2332 3509 2611 3571 προγραφή,
2643 3507 2709 3558 cs.

1558 3600 1616 3638 Π.
1642 3603 1693 3653 p.
1720 3603 1766 3646 α,
1790 3589 1889 3638 and
1914 3597 2055 3638 notes
2078 3589 2233 3645 there,

1626 3685 1701 3719 ιο.
1766 3671 2036 3735 signaculo]
2070 3671 2287 3729 Ronsch‚
2322 3669 2472 3731 Itala,
2498 3685 2549 3734 p.
2576 3671 2655 3732 38.

1626 3767 1701 3802 12.
1768 3753 1995 3801 adiecit-se
2014 3767 2117 3801 non
2142 3751 2369 3813 absolute]
2407 3752 2477 3803 So
2508 3751 2709 3816 Chrys.:

1557 3833 1699 3882 τοῦτο
1750 3835 1885 3894 λέγει
1930 3833 2135 3897 γράφειν
2178 3833 2233 3883 ἐν
2272 3833 2408 3895 πάσῃ
2451 3831 2703 3895 ἐπιστολῇ,

1556 3914 1685 3964 ὥστε
1720 3917 1887 3976 μηδενὶ
1908 3913 2081 3976 ἐξεῖναι
2110 3917 2398 3976 παραποιεῒν
2429 3913 2591 3976 αὐτάς,
2627 3915 2713 3976 τῆς

1556 3996 1843 4060 ὑπογραφῆς
1862 3995 2025 4060 ὥσπερ
2054 3999 2311 4060 τεκμηρίου
2332 4000 2545 4058 κειμένου
2566 3999 2712 4062 μεγῶ-

2744 1769 2820 1815 10

2745 2285 2813 2352 ¹5

1555 4085 1659 4132 λου.
1721 4082 1899 4132 Thdt.:
1966 4081 2113 4131 τοῦτο
2154 4083 2205 4131 δὲ
2252 4084 2589 4139 προστέθεικεν
2635 4084 2714 4133 διὰ
2791 4129 2795 4132 .

1555 4167 1667 4213 τοὺς
1707 4165 2053 4222 πεπλασμένας
2094 4161 2356 4214 ἐπιστολὰς
2398 4167 2716 4227 περιγράφειν

1555 4247 1835 4304 τολμῶντας
1884 4243 1944 4309 (c.
1991 4245 2043 4293 ii.
2084 4245 2149 4304 α),
2198 4245 2435 4294 διδάσκων
2471 4243 2715 4309 ἐπιζητεῖν

1557 4323 1704 4376 αὐτοῦ
1753 4325 1844 4385 τὴν
1886 4324 2194 4388 ὑπογραφὴν.
2278 4324 2525 4377 Lanfranc
2575 4328 2715 4392 gives

1558 4409 1645 4459 the
1682 4423 1825 4458 sense
1854 4407 1913 4458 of
1940 4408 2083 4458 ‘Ph-'s
2112 4408 2306 4458 remark
2352 4409 2404 4458 in
2439 4425 2503 4458 an
2540 4410 2715 4460 abbre-

1559 4489 1725 4538 viated
1750 4488 1894 4537 form.

2508 4599 2538 4664 5
