3250 5025
520 328 601 393 72
1165 326 1620 377 THEODORUS
1669 325 2253 377 MOPSUESTENUS

2769 309 2849 393 [1-
2879 326 2941 389 4

523 501 883 583 sunt;‘qui
927 498 1348 562 intendentes
1397 497 1523 560 illis
1563 518 1736 580 quae
1776 518 1817 560 a
1860 496 2127 560 Iudaeis
2178 495 2586 570 dicebantur,
2626 515 2827 577 saepe
2872 496 2937 558 in

521 606 842 687 dogmate
878 602 1150 685 pietatis
1187 602 1406 664 noceri
1457 600 1871 664 uidebantur.
1962 600 2143 683 quod
2194 610 2261 663 et
2311 599 2593 664 Galatae
2644 600 2939 682 perpessi

523 707 723 771 fuisse
767 706 1208 780 inueniuntur,
1252 704 1368 785 qui
1411 722 1562 766 cum
1606 703 2031 767 obseruantia
2072 712 2442 767 ceterorum
2485 725 2658 787 quae
2694 704 2763 767 in
2795 703 2941 786 lege

524 811 783 874 fuerant
803 806 1098 883 definita,
1121 808 1323 869 etiam
1351 826 1472 870 nec
1503 827 1552 870 a·
1573 808 2075 871 circumcisione
2094 828 2163 871 se
2184 808 2638 873 cohibuerunt.
2698 828 2941 891 genea-

457 918 488 984 5
526 914 719 997 logiis
751 934 908 978 uero
933 933 1047 975 eos
1072 912 1416 976 intendere
1448 913 1723 976 minime
1753 914 2105 976 conuenire
2135 914 2367 989 edixit,
2394 934 2475 977 eo
2500 913 2680 996 quod
2710 912 2939 976 Iudaei

523 1030 682 1084 tunc
707 1016 986 1080 multam
1012 1017 1490 1099 expendebant
1513 1017 2028 1081 sollicitudinem
2053 1028 2128 1081 ut
2152 1021 2579 1084 ostenderent
2600 1020 2938 1085 Christum

524 1142 658 1186 non
690 1120 1164 1203 promissorum
1210 1119 1555 1203 sequentia
1597 1140 1687 1183 ex
1732 1120 2083 1184 Abraham
2126 1132 2195 1185 et
2238 1122 2462 1187 Dauid
2496 1124 2940 1195 descendisse,

522 1238 591 1291 et
630 1234 900 1309 propter
942 1223 1070 1287 hoc
1114 1225 1586 1290 adnitebantur
1630 1226 1835 1290 etiam
1880 1227 2231 1309 progenies
2268 1234 2526 1289 ueteres
2568 1226 2939 1301 memorari,

521 1332 818 1394 dicentes
871 1332 1440 1412 quemadmodum
1495 1331 1605 1396 ille
1667 1342 1853 1395 ortus
1908 1342 2010 1395 est
2054 1352 2144 1395 ex
2191 1330 2322 1407 1110,
2367 1330 2939 1414 quemadmodum

418 1442 496 1489 10
525 1456 682 1498 uero
728 1434 839 1497 ille
880 1434 967 1496 ab
1001 1433 1116 1498 illo
1167 1445 1362 1499 natus
1412 1447 1556 1515 est;
1606 1458 1695 1500 ex
1742 1436 1985 1520 quibus
2030 1437 2235 1501 etiam
2278 1434 2526 1500 multos
2557 1435 2938 1500 conturbari

521 1538 873 1602 eueniebat
917 1558 1007 1601 ex
1053 1538 1182 1603 illis
1227 1538 1334 1606 uel
1383 1542 1683 1604 maxime
1728 1540 1841 1623 qui
1888 1560 1976 1603 ex
2014 1540 2324 1623 gentibus
2362 1540 2795 1615 crediderant,
2825 1540 2940 1621 qui

521 1642 685 1707 nihil
732 1642 1112 1705 cautissime
1165 1663 1254 1705 ex
1316 1643 1610 1726 antiquis
1672 1641 1855 1706 libris
1906 1644 2072 1705 scire
2120 1653 2491 1725 potuerant.

519 1746 886 1829 praecipito
941 1746 1104 1827 (ait),
1159 1755 1234 1809 ut
1291 1747 1707 1828 genealogiis
1757 1765 1891 1808 non
1947 1744 2333 1810 intendant.'

2584 1648 2601 1674 ‘
2623 1644 2726 1705 his
2778 1662 2938 1725 ergo

2424 1766 2591 1829 quas
2647 1745 2818 1809 bene
2872 1756 2941 1809 et

523 1848 888 1913 ‘infinitas’
930 1870 1077 1913 esse
1119 1849 1351 1925 edixit,
1400 1872 1481 1914 eo
1525 1851 1706 1933 quod
1754 1850 1847 1914 illi
1892 1852 2005 1933 qui
2054 1850 2213 1917 talia
2253 1852 2597 1933 explicant
2628 1860 2940 1934 poterant

417 1956 486 2021 15
522 1954 726 2017 modo
777 1951 884 2017 hic
938 1954 1141 2016 modo
1196 1952 1327 2015 illic
1373 1974 1566 2017 suum
1610 1963 1867 2017 uertere
1905 1973 2301 2029 sermonem,
2347 1963 2417 2018 et
2456 1973 2631 2019 nunc
2668 1954 2939 2037 quidem

520 2126 664 2192 ταῖς
709 2120 1196 2205 γενεαλογίαις]
1264 2120 1533 2204 πολλὴν
1571 2121 1703 2209 ’γὰρ
1749 2124 2091 2188 ἐποιοῦντο
2135 2120 2255 2206 τὴν
2299 2121 2603 2203 σπουδὴν
2632 2126 2745 2189 τοῦ
2779 2119 2941 2188 δεικ-

522 2222 708 2291 νύναι
751 2222 868 2291 τὸν
911 2223 1210 2312 Χριστὸν
1259 2225 1376 2291 οὐκ
1421 2223 1798 2297 ἀκολούθως
1841 2232 1988 2296 ταῖς
2032 2226 2465 2309 ἐπαγγελίαις
2511 2229 2585 2311 ἐξ
2625 2225 2943 2313 Ἀβραὰμ

520 2326 634 2392 καὶ
680 2326 909 2406 Δαβὶδ
955 2327 1292 2413 νγενγονότα,
1340 2327 1454 2393 καὶ
1515 2328 1625 2394 διὰ
1684 2332 1880 2395 τοῦτο
1933 2328 2321 2419 ἐπεχείρουν
2371 2327 2486 2395 καὶ
2533 2328 2621 2394 τὰ
2657 2328 2813 2412 «γένη
2858 2328 2945 2395 τὰ

522 2429 795 2496 παλαιὰ
847 2430 1218 2516 διηγεῖσθαι
1264 2430 1472 2514 δῆθεν·

523 2635 833 2718 ταμένων.

1569 2431 1687 2522 ἀφ’
1750 2432 1839 2499 ὦν
1900 2431 1975 2515 δὴ
2020 2430 2316 2503 πολλοὺς
2367 2436 2499 2499 τῶν
2546 2432 2681 2498 ἀπὸ
2742 2432 2946 2499 ἐθνῶν

411 2552 498 2599 20
521 2533 1064 2600 πεπιστευκότων
1106 2533 1630 2622 παρετάραττον,
1668 2535 1853 2604 οὐδὲν
1898 2541 2030 2603 τῶν
2068 2539 2378 2604 παλαιῶν
2416 2537 2712 2625 ἀκριβῶς
2752 2537 2944 2603 ἐπισ-

944 2640 1167 2706 καλῶς
1220 2635 1290 2702 δὲ
1341 2635 1545 2707 αὐτὰς
1592 2637 1707 2703 καὶ
1738 2647 1751 2670 ‘
1772 2637 2179 2725 ἀπεράντους
2196 2635 2213 2659 ’
2274 2636 2609 2716 ἐκάλεσεν,
2669 2638 2755 2708 ὥς
2814 2639 2945 2703 τῶν

523 2737 636 2804 ἐπὶ
679 2736 768 2803 τὰ
806 2740 1082 2806 τοιαῦτα
1126 2738 1573 2827 ἐκφερομένων
1619 2738 1993 2824 δυναμένων
2021 2739 2178 2826 τῇδε
2206 2739 2475 2806 κάκεῖσε
2502 2738 2946 2828 περιάγεσθαι

629 2907 649 2941 1
687 2889 1058 2940 intendentibus
1080 2906 1112 2938 r

532 2974 622 3023 Cr
813 2986 861 3034 5,
893 2987 949 3033 ¹4
983 2971 1108 3022 dixit
1130 2987 1164 3021 r

527 3055 662 3120 cipio
684 3054 753 3104 H

595 3217 639 3259 4.
712 3211 796 3244 nec
838 3211 872 3244 a
908 3196 1272 3246 circumcisione
1315 3213 1364 3245 se
1403 3197 1534 3260 colu]
1601 3197 1685 3248 Cf.

536 3291 574 3327 1.
594 3295 646 3342 p.
673 3293 718 3335 ο,
742 3277 778 3327 1.
805 3292 866 3340 23
885 3293 960 3342 sq.

595 3377 642 3424 5.
720 3376 775 3410 eo
842 3360 1337 3424 quod...descendisse]
1411 3361 1561 3411 Cited
1616 3362 1685 3426 by

532 3443 797 3504 lanfranc,
827 3441 950 3492 with
989 3441 1076 3493 the
1110 3443 1348 3492 omission
1387 3443 1446 3492 of
1467 3445 1682 3508 promes-

526 3541 692 3576 sorum
719 3524 982 3589 sequentia,
1011 3524 1112 3574 and
1137 3523 1223 3574 the
1249 3532 1452 3589 strange
1484 3540 1685 3589 perver-

527 3609 638 3658 sion
668 3609 704 3634 ‘⁴
719 3622 822 3656 non
843 3622 907 3656 ex
929 3606 1188 3655 Abraham
1213 3607 1300 3655 sed
1319 3623 1381 3656 ex
1407 3604 1628 3656 Dauid.’'

593 3685 640 3736 6.
707 3693 768 3735 ut
797 3686 1103 3736 ostenderent
1133 3686 1392 3735 Christum
1425 3703 1542 3746 non,
1571 3686 1685 3749 &c.]

528 3769 704 3832 Chrys.
731 3768 994 3817 attributes
1022 3775 1076 3817 to
1107 3766 1248 3818 these
1283 3768 1618 3832 genealogists
1653 3785 1687 3818 a

527 3852 626 3901 less
661 3849 870 3912 directly
891 3848 1158 3913 polemical
1189 3849 1384 3913 object:
1437 3850 1517 3899 zm
1544 3847 1689 3904 δῆθεν

525 3931 772 3993 ἐμπειρίας
789 3931 980 3990 πολλῆς
991 3931 1072 3978 καὶ
1087 3931 1302 3992 ἱστορίας
1323 3931 1466 3990 δόξαν
1490 3933 1686 3992 ἔχωσιν.

528 4011 684 4061 Thdt.
719 4011 1028 4060 endeavours
1051 4017 1104 4060 to
1127 4011 1365 4061 combine
1397 4011 1485 4061 the
1515 4011 1687 4076 expla-

527 4088 726 4139 nations
750 4088 809 4138 os
825 4089 1004 4152 Chrys.
1027 4090 1128 4139 and
1151 4090 1274 4151 Th.;
1309 4093 1353 4140 01
1375 4092 1428 4151 ἐξ
1443 4090 1689 4142 Ἰουδαίων

527 4171 899 4221 πεπιστευκότες
935 4170 1017 4218 ἐπὶ
1044 4167 1110 4230 τῇ
1135 4169 1316 4232 ’γνώσει
1350 4173 1436 4232 τῆς
1471 4175 1687 4226 παλαιᾶς

527 4248 755 4313 διαθήκης
787 4251 920 4312 μέγα
954 4250 1234 4314 φρονῶντες
1270 4251 1524 4313 ζητήματα
1562 4254 1687 4306 ἅττα

523 4335 624 4383 τοῖς
669 4332 722 4392 ἐξ
765 4328 911 4380 ἐθνῶν
953 4329 1332 4382 πεπιστευκόσιν
1370 4333 1685 4398 προσέφερον.

525 4415 749 4478 ἐλέγχειν
768 4416 858 4474 μὲν
881 4412 1048 4464 αὐτοὺς
1072 4413 1133 4464 ὥς
1154 4412 1396 4476 ἀμυήτους
1419 4413 1514 4466 τῶν
1545 4419 1686 4468 θείων

1322 2907 1350 2941 2
1385 2906 1564 2941 nocere
1608 2893 1655 2940 C
1684 2891 1751 2942 H
1773 2907 1824 2942 r:
1868 2898 1951 2942 txt
1980 2893 2101 2958 conj.
2122 2891 2305 2958 Jacobs·

1338 2987 1370 3040 9
1406 2981 1552 3022 natus
1575 2971 1696 3037 (χον
1726 2974 1882 3033 ortus)
1907 2973 1974 3022 H

2513 2907 2541 2955 3
2576 2891 2944 2942 observantiam

2150 2987 2204 3022 12
2242 2979 2471 3038 poterant
2489 2988 2522 3021 r
2711 2988 2767 3037 13
2803 2987 2945 3037 prae-

1788 3199 1968 3258 λογίων
1984 3198 2282 3261 πειρώμενα,
2303 3197 2567 3258 φυλάττειν
2580 3197 2632 3246 δὲ
2648 3197 2737 3256 τὴν
2750 3199 2949 3257 νομικὴν

1787 3281 2041 3328 πολιτείαν
2058 3281 2373 3342 παραπείθειν
2390 3279 2755 3338 ἐπιχειροῦντες.
2795 3278 2945 3328 οὕτως

1786 3360 1868 3407 καὶ
1895 3359 1982 3408 τὰς
2012 3361 2063 3418 ἐξ
2094 3356 2318 3421 ’Δβραὰμ
2344 3360 2423 3407 καὶ
2452 3359 2606 3420 Δαβὶδ
2630 3359 2948 3420 γενεαλογίας

1786 3440 2065 3503 κατέλεγον,
2096 3438 2373 3504 ἐρευνῶντες
2407 3442 2551 3500 δῆθεν
2582 3443 2626 3489 εἰ
2666 3442 2859 3501 ἀληθῶς
2890 3442 2947 3491 ἐκ

1784 3525 1965 3572 τούτων
2007 3523 2034 3571 ὁ
2080 3523 2234 3584 κύριος
2288 3524 2415 3572 κατὰ
2454 3524 2611 3584 σάρκα
2663 3521 2945 3585 γεγένηται.

1785 3603 1898 3653 The
1922 3603 2267 3654 Antiochenes
2288 3617 2424 3653 seem
2436 3611 2527 3653 not
2541 3610 2595 3653 to
2610 3603 2739 3653 have
2755 3603 2947 3654 known

1784 3702 1843 3735 or
1865 3694 1919 3736 to
1950 3687 2080 3737 have
2111 3687 2326 3751 rejected
2366 3685 2453 3736 the
2482 3686 2626 3736 older
2651 3686 2946 3752 interpreta-

1786 3767 1894 3816 tion
1916 3767 2081 3818 which
2117 3783 2221 3817 saw
2253 3767 2307 3816 in
2341 3784 2441 3828 γεν.
2489 3765 2769 3828 ἀπεράντως
2800 3782 2833 3816 a
2870 3783 2945 3818 re-

1788 3848 1983 3900 ference
2006 3857 2062 3900 to
2086 3849 2275 3900 Essene
2296 3865 2354 3900 or
2375 3849 2514 3912 early
2535 3847 2748 3899 Gnostic
2770 3863 2943 3913 specu-

1786 3931 1971 3982 latiens
1997 3933 2151 3994 (Iren.
2171 3931 2204 3982 i.
2214 3931 2402 3996 praefi,
2415 3931 2555 3980 Tert.
2582 3931 2642 3978 de
2652 3939 2867 3994 praescr.
2894 3945 2939 3994 7.

1791 4015 1892 4076 33).
1958 4013 2139 4078 Chrys.
2173 4013 2407 4064 however
2429 4013 2471 4062 is
2493 4012 2607 4062 half
2627 4013 2865 4078 disposed
2892 4021 2948 4064 to

1787 4095 1988 4146 include
2020 4097 2107 4146 the
2127 4097 2391 4161 pedigrees
2422 4095 2483 4146 os
2507 4095 2712 4146 Gentile
2748 4096 2947 4160 mytho-

1788 4177 1935 4242 logy:
1975 4178 2107 4238 οἴμαι
2131 4179 2186 4228 δὲ
2207 4179 2286 4227 καὶ
2304 4176 2549 4238 Ἕλληνας
2571 4177 2716 4226 αὐτὸν
2736 4178 2949 4227 ἐνταῦθα

1787 4259 2211 4310 αἰνίπεσθαι...ὡς
2254 4260 2365 4310 τοὺς
2407 4259 2540 4310 θεοὺς
2590 4256 2751 4309 αὐτῶν
2802 4277 2947 4309 κατ-α-

1788 4340 2049 4402 λεγόντων.
