3250 5025
237 385 354 450 IV.
391 405 446 464 2,
484 388 572 473 3]
833 400 916 451 IN
964 401 1069 451 ΕΡ.
1116 400 1218 450 AD
1264 394 2014 450 THESSALONICENSES
2059 394 2105 445 1.
2576 389 2655 437 21

233 571 712 637 Thessalonica
761 591 1024 636 reuerso
1073 580 1141 636 et
1194 572 1546 636 nuntiante
1597 570 1723 634 sibi
1773 568 2157 633 firmitatem
2202 566 2357 631 fidei
2411 582 2659 639 eorum,

234 692 436 754 quam
490 674 557 737 in
595 673 1070 756 persecutionis
1115 674 1510 737 necessitate
1552 673 1957 738 incurrentes
2005 668 2395 734 inuiolatam
2438 688 2655 731 serua-

236 786 490 853 uerunt,
526 798 784 840 necnon
817 787 884 841 et
915 778 1094 859 quod
1128 778 1260 840 sint
1292 777 1518 860 aliqua
1548 778 1727 859 apud
1773 776 1919 839 illos
1965 796 2135 858 quae
2181 772 2654 837 correctionem

235 882 584 964 indigeant,
608 902 624 959 3
687 881 914 944 scribit
973 901 1132 963 ergo
1181 879 1335 945 hinc
1385 880 1742 963 epistolam
1792 877 2135 961 apostolus
2188 877 2274 942 ad
2326 876 2437 940 illa
2485 896 2657 957 quae

235 986 360 1049 sibi
400 986 705 1049 nuntiata
752 984 1015 1049 fuerant
1062 1005 1102 1047 a
1138 982 1519 1059 Timothe0,
1549 982 1664 1046 illa
1702 1004 1874 1066 quae
1909 981 2397 1046 conueniebant
2439 980 2659 1043 dicere
2730 988 2761 1056 5

237 1086 324 1149 ad
386 1085 655 1149 laudem
706 1106 954 1161 eorum,
1009 1106 1132 1169 pro
1185 1086 1430 1169 quibus
1485 1087 1551 1150 in
1615 1086 1915 1149 aduersis
1968 1084 2138 1147 firmi
2210 1083 2657 1166 perstiterunt,

238 1191 434 1254 simul
467 1202 536 1255 et
567 1190 934 1255 exhortans
967 1212 1082 1255 eos
1115 1192 1181 1254 in
1217 1192 1456 1254 eadem
1486 1210 1912 1273 perseuerare
1948 1187 2296 1251 sententia.
2389 1206 2562 1268 quae
2592 1194 2659 1247 et

240 1296 306 1357 in
362 1294 490 1358 illis
552 1316 725 1378 quae
784 1304 942 1358 ante
1003 1295 1184 1358 dicta
1237 1303 1394 1357 sunt
1441 1314 1480 1355 a
1528 1293 1721 1356 nobis
1768 1310 2266 1355 consummasse
2312 1288 2493 1352 uisus
2539 1297 2657 1365 est,

237 1398 549 1483 oratione
595 1415 788 1460 suum
842 1396 1118 1460 cludens
1172 1416 1572 1459 sermonem.
1663 1394 1819 1458 hinc
1885 1414 2042 1456 uero
2093 1392 2327 1474 incipit
2384 1392 2471 1453 de
2531 1390 2663 1453 illis

241 1499 604 1581 disputare,
653 1520 825 1582 quae
863 1500 1408 1563 inconuenienter
1448 1497 1536 1561 ab
1581 1496 1711 1561 illis
1740 1496 1850 1577 agi
1903 1496 2241 1560 didicerat.
2331 1494 2458 1588 hoc
2504 1493 2661 1575 ergo
2694 1502 2773 1551 10

239 1601 446 1665 dixit:
476 1601 933 1665 ‘obsecramus
955 1623 1075 1665 uos
1101 1611 1175 1666 ut
1198 1610 1718 1684 consequentem
1741 1602 1950 1663 uitam
1976 1609 2267 1663 uestram
2289 1597 2663 1662 exhibeatis

241 1702 420 1766 illius
463 1702 806 1766 doctrinae
837 1722 1039 1786 quam
1079 1704 1376 1768 adsecuti
1428 1704 1587 1766 estis
1629 1724 1670 1766 a
1702 1703 1931 1781 nobis;
1982 1702 2373 1767 festinantes
2404 1701 2664 1783 placere

246 1804 413 1880 Deo,
462 1814 531 1868 et
576 1825 972 1887 promouere
1021 1806 1107 1869 ad
1155 1804 1321 1888 legis
1375 1807 1514 1869 eius
1563 1806 2034 1871 directionem.’
2124 1807 2378 1888 optime
2437 1814 2662 1870 autem

245 1905 584 1972 inchoauit
627 1906 714 1971 ab
769 1907 882 1971 illo
928 1909 1111 1973 dicto
1171 1930 1304 1992 quo
1366 1911 1542 1974 dixit
1598 1912 1678 1974 de
1734 1920 1927 1974 cetero
1969 1912 2249 1992 fratres,
2307 1921 2664 1993 postquam

192 2029 198 2034 ·
245 2011 484 2075 laudes
553 2013 1050 2076 consummauit
1123 2033 1290 2095 quas
1365 2034 1563 2096 super
1621 2013 1777 2078 fidei
1849 2034 2078 2077 eorum
2138 2014 2407 2078 dixerat
2465 2014 2666 2077 firmi-
2698 2024 2769 2092 15

245 2124 402 2179 tate.
489 2113 620 2178 hoc
667 2116 812 2180 uult
864 2116 1081 2179 dicere
1133 2117 1450 2199 quoniam
1513 2117 1737 2181 ‘illam
1790 2137 1993 2201 quarn
2054 2119 2369 2182 conuenit
2425 2116 2669 2180 habere

247 2218 652 2280 sententiam
699 2219 1266 2300 contemplatione
1306 2220 1572 2301 pietatis
1616 2220 1774 2301 ipsis
1817 2220 2101 2300 negotiis
2142 2218 2671 2282 demonstrastis·

245 2322 426 2402 agite
463 2321 663 2402 igitur
698 2330 766 2384 et
807 2320 893 2383 de
930 2331 1151 2384 cetero
1193 2323 1370 2385 uitae
1408 2332 1670 2386 uestrae
1712 2324 2130 2404 diligentiam
2173 2323 2563 2396 adhibeatiS,
2597 2330 2670 2385 ut

247 2423 412 2486 nihil
445 2424 635 2487 uobis
666 2423 897 2487 deesse
939 2424 1246 2487 uideatur
1285 2445 1372 2488 ex
1405 2425 1550 2503 illis,
1581 2447 1754 2509 quae
1796 2428 1880 2489 ad
1925 2427 2398 2509 perfectionem
2441 2428 2673 2491 uiden-

247 2538 356 2590 tur
403 2526 594 2588 uobis
643 2547 787 2588 esse
833 2526 1056 2590 utilia.'
1146 2531 1516 2592 necessaria
1577 2550 1736 2591 uero
1797 2540 1865 2594 et
1922 2529 2049 2594 hoc
2112 2531 2177 2594 in
2230 2529 2376 2592 loco
2430 2528 2673 2591 adiecit
2698 2538 2783 2586 20

245 2629 416 2692 sicut
457 2629 782 2711 accepistis
826 2651 870 2694 a
919 2629 1148 2706 nobi-⁵3·
1202 2631 1688 2696 demonstrauit
1735 2634 1912 2697 enim
1958 2656 2039 2697 eo
2084 2635 2264 2717 quod
2312 2655 2446 2699 non
2497 2655 2675 2699 nunc

249 2733 551 2815 inprimis
590 2733 758 2798 haec
802 2732 1032 2797 audire
1063 2755 1104 2796 a
1135 2755 1207 2797 se
1238 2727 1610 2815 uidean'tur,
1645 2737 1763 2800 sed
1795 2745 1863 2801 et
1894 2737 2148 2804 dudum
2182 2739 2266 2802 de
2295 2736 2399 2801 his
2431 2737 2676 2802 fuerint

250 2836 572 2900 instructi.
663 2837 841 2901 unde
871 2845 939 2901 et
972 2857 1224 2920 augens
1255 2837 1418 2901 illud
1447 2863 1461 2903 z

362 2995 544 3060 scitis
575 2997 845 3081 (inquit)
877 3019 1038 3080 quae
1069 2997 1385 3062 mandata
1406 2999 1699 3064 dederim
1736 3001 1917 3090 uobis
1930 3013 2056 3085 per
2073 3003 2423 3081 dominum,
2438 3003 2675 3068 Iesum.

381 3122 565 3185 omni
599 3121 664 3184 in
699 3119 848 3185 loco
877 3101 1258 3198 ostendenS,
1291 3122 1609 3204 quoniam
1644 3122 1806 3187 nihil
1840 3125 1998 3188 noui
2043 3123 2172 3188 illis
2202 3125 2403 3188 hodie
2432 3124 2675 3188 scribit.
2700 3129 2779 3198 25

380 3281 532 3345 haec
555 3291 655 3345 est
676 3280 849 3344 enim
884 3281 1184 3345 uoluntas
1211 3280 1357 3358 Dei,
1386 3265 1811 3364 sanctzficatio
1840 3293 2075 3348 uestra.

384 3407 751 3471 necessarie
810 3407 988 3471 dixit
1046 3408 1198 3472 ltaec
1252 3418 1348 3472 est
1402 3409 1576 3471 enim
1637 3409 1937 3473 uoluntas
1993 3410 2129 3474 Dei
2140 3434 2172 3486 ,·
2248 3430 2445 3492 agere
2496 3411 2676 3473 enim

253 3509 571 3572 conuenit
631 3507 746 3572 illa
804 3528 976 3590 quae
1040 3509 1229 3574 Deus
1287 3509 1427 3574 fieri
1489 3511 1651 3588 uult,
1714 3533 1795 3575 eo
1855 3514 2036 3594 quod
2105 3513 2532 3596 sanctg'ficatio
2591 3513 2679 3576 ad

355 3705 384 3754 3
418 3690 723 3740 correctione
751 3691 795 3740 C
815 3692 963 3753 (corr)
989 3708 1021 3740 r
1149 3706 1181 3756 9
1213 3691 1517 3742 concludens
1545 3692 1589 3742 C
1611 3689 1757 3756 (corr)
1780 3710 1812 3741 r
1944 3709 2004 3757 ¹4
2036 3709 2157 3756 ergo
2180 3691 2274 3757 (ast
2296 3694 2360 3743 de
2384 3692 2501 3756 cet.)
2524 3695 2685 3744 addc

263 3788 281 3821 1
294 3785 320 3835 7
354 3772 705 3822 demonstratis
728 3789 760 3821 r
955 3774 1013 3822 18
1046 3773 1372 3823 adhibeamus
1399 3775 1442 3822 C
1449 3773 1476 3798 ⁴*
1498 3791 1530 3822 r
1580 3775 1872 3824 adhibeates
1897 3773 1999 3838 (sic)
2030 3775 2073 3824 C
2094 3773 2241 3836 (corr)
2445 3788 2504 3839 19
2538 3774 2683 3824 uobis

256 3854 491 3904 uidentur
520 3871 554 3903 r
736 3870 798 3905 22
833 3870 895 3904 ea
917 3871 969 3905 se
997 3854 1074 3905 C*
1142 3872 1202 3905 ea
1225 3871 1257 3904 a
1278 3871 1331 3905 se
1354 3872 1386 3904 r
1565 3871 1629 3919 23
1661 3871 1815 3920 agens
1836 3855 1905 3905 H
2060 3871 2123 3919 24
2158 3855 2417 3905 Christum
2441 3853 2539 3921 (ast
2558 3855 2679 3921 Ies.)

255 3937 362 3986 add
377 3953 411 3985 r
603 3949 665 4002 2⁷
701 3937 983 3988 necessario
1005 3955 1037 3988 r
1230 3938 1294 3986 28
1327 3937 1434 3987 uult
1458 3936 1490 3985 f.
1517 3954 1549 3985 r

323 4113 370 4164 9.
426 4096 648 4163 cludens]
685 4100 782 4150 See
805 4099 974 4158 vv,11.,
993 4099 1094 4149 and
1113 4099 1176 4148 cf.
1197 4099 1417 4160 Ronsch,
1523 4117 1554 4150 a
1575 4100 1844 4150 shortened
1868 4101 1993 4150 form
2015 4101 2085 4164 by
2108 4101 2375 4151 lanfranc.

258 4181 411 4241 Itala,
441 4197 493 4246 p.
518 4179 640 4244 465;
677 4182 760 4231 De
783 4181 888 4242 vit,
914 4198 1021 4231 s-v.
1045 4182 1227 4232 claudo
1251 4179 1329 4246 (c).
1591 4198 1670 4244 24·
1741 4182 1977 4243 dederim]
2068 4183 2138 4232 So
2192 4182 2473 4241 Ambrstr.;
2538 4183 2682 4240 Am„

329 4273 402 4322 13.
465 4260 778 4324 promouere]
846 4259 924 4311 Of
971 4261 1072 4310 this
1115 4261 1425 4310 intransitive
1523 4263 1695 4322 Fuld,
1718 4267 1749 4290 ‘⁸
1763 4262 2058 4313 dederimus.
2068 4261 2097 4284 ’²
2131 4263 2310 4327 Chrys,
2326 4260 2467 4326 (with
2475 4263 2629 4313 Thdt.
2642 4264 2683 4326 ?)

258 4341 344 4391 the
385 4341 516 4391 lexx.
559 4342 676 4406 give
715 4358 782 4391 an
827 4342 1053 4392 instance
1093 4343 1222 4392 from
1250 4343 1424 4393 'Aulus
1525 4343 1618 4392 has
1640 4340 1901 4402 ἐδώκαμεν.

258 4423 454 4476 Gellius
479 4425 546 4485 (v.
581 4426 682 4486 ιο).
1591 4421 1669 4474 26.
1741 4423 2075 4488 sanctficattb‚
2099 4425 2216 4486 δια]
2273 4425 2418 4475 With
2441 4425 2541 4476 this
2561 4425 2684 4475 defi·

331 4523 404 4569 ¹4·
465 4507 1090 4572 postquam...adhibeatis]
1173 4507 1322 4558 Cited
1371 4507 1426 4556 in
1524 4503 1687 4555 nition
1709 4520 1877 4569 comp.
1900 4505 1985 4556 the
2008 4519 2191 4556 comm.
2214 4521 2282 4554 on
2305 4521 2347 4556 c.
2377 4505 2448 4554 iii.
2478 4522 2556 4555 η.
