3250 5025
372 380 831 435 FRAGMENTS
875 381 971 435 OF
1015 381 1170 434 THE
1217 379 1612 433 DOGMATIC
1657 345 1926 434 woRks
1973 381 2068 434 OF
2112 382 2536 435 THEODORE.
2609 380 2730 449 333

310 552 649 632 percipere3
689 551 1067 615 manifestum
1098 564 1189 614 est
1216 551 1383 631 quod
1419 563 1481 614 et
1515 562 1903 630 peccaturum
1931 571 2071 615 eum
2097 564 2366 625 nouerat,
2400 564 2462 613 et
2491 562 2738 630 propter

311 647 429 709 hoc
463 651 671 726 procul
712 649 903 711 dubio
951 648 1318 709 moriturum.
1405 668 1529 726 quo
1577 650 1764 710 modo
1807 669 1948 728 ergo
1990 669 2114 711 non
2157 661 2250 712 est
2291 661 2589 711 extremae
2638 649 2739 709 de·-

313 749 573 809 mentiae
620 750 865 811 credere
907 748 1076 825 quod
1124 747 1395 825 primitus
1440 766 1579 808 eum
1629 747 2006 809 inmortalem
2057 747 2120 808 in
2168 767 2274 809 sex
2317 749 2494 808 horas
2533 746 2738 808 fecerit

314 846 479 927 (nam
514 857 717 907 tantae
758 846 995 907 fuerunt
1035 866 1074 905 a
1115 845 1461 907 conditione
1497 845 1625 907 eius
1661 865 1854 923 usque
1897 846 1974 906 ad
2013 845 2518 920 commissionem,
2554 863 2738 922 quan-

313 941 642 1020 doquidem
692 955 858 1004 sexto
911 943 1009 1004 die
1036 944 1226 1004 factus
1256 963 1291 1004 e
1322 953 1479 1004 terra
1506 953 1565 1004 et
1594 945 1922 1004 comedens
1950 956 2162 1005 contra
2190 943 2460 1005 diuinum
2491 942 2738 1003 manda·
2807 953 2840 1015 5

313 1052 441 1102 tum
470 1042 549 1102 de
576 1040 851 1118 paradiso
880 1042 1084 1117 pulsus
1113 1037 1247 1118 est),
1268 1042 1579 1101 mortalem
1600 1061 1746 1102 uero
1774 1051 1912 1118 post
1939 1051 2256 1118 peccatum
2287 1040 2740 1102 monstrauerit?

313 1149 537 1199 certum
588 1149 679 1200 est
734 1137 893 1199 enim
942 1138 1086 1216 quia
1133 1138 1179 1198 si
1230 1158 1369 1199 eum
1414 1139 1794 1200 inmortalem
1843 1137 2152 1214 uoluisset,
2197 1159 2313 1200 nec
2359 1139 2738 1201 intercedens

312 1247 627 1315 peccatum
676 1235 795 1297 Dei
844 1236 1201 1298 sententiam
1252 1248 1717 1313 commutasset3
1777 1238 1918 1316 quia
1961 1258 2076 1300 nec
2123 1237 2430 1300 diabolum
2477 1237 2616 1298 fecit
2663 1257 2740 1299 ex

312 1333 615 1394 inmortali
656 1335 986 1407 mortalem,
1023 1345 1084 1396 et
1128 1333 1373 1411 quidem
1407 1346 1761 1395 cunctorum
1801 1336 2095 1396 malorum
2128 1334 2485 1397 existentem
2524 1336 2740 1415 princi-

313 1433 497 1512 pium.
2769 1446 2845 1488 10
2956 1453 2962 1460 -

320 1673 368 1711 2.
457 1650 631 1734 [Mar.
683 1657 929 1716 Mercat.
978 1675 1088 1716 exc.
1136 1675 1177 1729 4
1219 1654 1284 1735 (“
1306 1655 1576 1718 eiusdem
1618 1655 1928 1718 Theodori
1971 1658 2049 1718 de
2094 1656 2362 1718 secundo
2404 1655 2617 1718 codice
2665 1675 2740 1718 ex

477 1751 629 1814 libro
672 1752 845 1815 tertio
886 1753 1033 1816 folio
1073 1753 1361 1833 vigesimo
1404 1755 1615 1833 quinto
1644 1777 1658 1814 τ
1697 1776 1810 1816 non
1839 1757 2007 1829 enim,
2037 1753 2245 1833 inquit,
2277 1756 2372 1817 hir
2394 1757 2512 1832 qui,
2543 1758 2732 1817 &c....

480 1859 540 1908 et
568 1861 707 1926 post
733 1851 1045 1927 paululum
1075 1873 1089 1910 ε
1131 1853 1277 1928 quis,
1310 1849 1521 1929 inquit,
1554 1854 1638 1912 ita
1665 1854 1902 1927 demens,
1934 1849 2150 1933 &c.”)].

438 1993 583 2052 Non
630 1993 793 2054 enim
843 1996 934 2055 his
982 1996 1085 2073 qui
1131 1998 1209 2056 ab
1254 1997 1454 2058 Adam
1500 2017 1692 2076 usque
1735 1999 1815 2060 ad
1860 1999 2188 2059 aduentum
2236 1995 2458 2058 Christi
2507 1996 2739 2058 domini

314 2088 377 2148 in
432 2089 611 2150 tantis
666 2093 903 2152 fuerunt
958 2091 1363 2170 impietatibus
1412 2105 1471 2154 et
1515 2093 1926 2172 iniquitatibus
1969 2104 2227 2172 quantus
2269 2094 2478 2155 beatus
2521 2095 2738 2154 Paulus

317 2187 567 2266 propriis
605 2189 802 2250 uerbis
840 2189 1145 2267 expressit,
1186 2201 1253 2250 ut
1290 2190 1352 2251 in
1386 2191 1790 2268 superioribus
1819 2211 1892 2252 ex
1917 2191 2047 2253 eius
2074 2193 2438 2253 declaratum
2467 2191 2734 2264 uocibus

318 2297 625 2364 tamquam
662 2308 944 2366 magnum
984 2287 1271 2367 quiddam
1310 2290 1758 2352 resurrectionis
1793 2292 2134 2352 conlaturus
2179 2301 2267 2351 est
2299 2290 2652 2368 praemium,
2689 2286 2738 2348 si

319 2403 424 2444 eos
463 2384 769 2462 suppliciis
805 2386 1161 2462 quibusdam
1198 2384 1326 2447 sine
1364 2388 1485 2448 fine
1522 2397 1583 2448 et
1622 2387 1750 2449 sine
1784 2387 2151 2448 correctione
2189 2386 2509 2449 tradiderit.
2594 2407 2735 2450 nam
2769 2402 2839 2465 15

318 2478 423 2542 ubi
471 2479 589 2540 iam
636 2481 774 2542 loco
820 2482 1080 2542 muneris
1121 2481 1471 2544 resurrectio
1512 2483 1972 2562 computabitur,
2018 2482 2068 2545 si
2105 2504 2305 2563 poena
2346 2484 2475 2547 sine
2515 2504 2740 2548 correc-

319 2579 482 2640 tione
526 2578 967 2656 resurgentibus
1001 2580 1316 2640 inferatur?
1480 2579 1517 2617 '⁵
1684 2580 1722 2616 θ’
1887 2580 1920 2613 ’¹‘
2087 2582 2219 2659 quis
2257 2582 2342 2643 ita
2382 2584 2632 2645 demens
2672 2596 2739 2645 ut

318 2687 551 2737 tantum
597 2676 824 2737 bonum
869 2676 1073 2737 credat
1118 2674 1423 2737 materiam
1470 2676 1593 2737 fieri
1654 2678 2094 2756 resurgentibus
2150 2679 2364 2741 infiniti
2419 2680 2741 2759 supplicii?

320 2772 537 2850 quibus
572 2772 772 2834 utilius
806 2783 931 2833 erat
973 2772 1221 2833 omnino
1262 2791 1385 2832 non
1423 2791 1662 2851 surgere
1691 2794 1872 2851 quam
1901 2786 2203 2837 tantorum
2232 2788 2292 2838 et
2320 2776 2525 2839 talium
2553 2781 2740 2841 malo-

318 2890 451 2931 rum
478 2882 617 2949 post
642 2870 1131 2933 resurrectionem
1162 2874 1275 2933 sub
1303 2872 1547 2933 infinitis
1574 2873 1788 2951 poenis
1816 2874 2237 2953 experientiam
2269 2876 2575 2939 sustinere.
2769 2892 2848 2933 πο

322 3112 373 3167 3.
462 3088 636 3173 [Mar.
687 3094 936 3152 Mercat.
983 3112 1091 3151 axa
1145 3112 1174 3151 2
1222 3090 1285 3171 (“
1305 3090 1574 3153 eiusdem
1602 3093 1910 3153 Theodori
1940 3113 2016 3154 ex
2044 3094 2316 3156 secundo
2343 3095 2558 3158 codice
2591 3095 2743 3160 libro

481 3188 656 3250 tertio
698 3199 842 3251 ante
884 3200 1167 3267 quattuor
1205 3189 1350 3251 folia
1386 3190 1521 3250 finis
1548 3190 1718 3253 libri:
1764 3194 1866 3251 sed
1887 3192 2046 3251 nihil
2062 3193 2288 3265 horum,
2321 3195 2428 3254 &c
2445 3206 2578 3255 ...et
2607 3206 2745 3273 post

484 3287 827 3363 paululum:
868 3286 1245 3362 mamfestius,
1286 3285 1493 3363 inquit,
1537 3288 1676 3346 haec
1705 3288 1904 3359 eodem,
1944 3288 2052 3347 &c
2068 3332 2106 3347 ..
2119 3298 2202 3348 ‚et
2229 3299 2367 3365 post
2394 3291 2702 3367 paululum
2730 3311 2744 3349 ε

482 3385 701 3456 dcirco,
733 3383 946 3461 inquit,
975 3386 1277 3443 Dominus
1302 3392 1517 3457 auctor,
1549 3381 1764 3464 &c.’')].

443 3504 562 3566 Sed
588 3502 738 3564 nihil
764 3507 977 3565 horum
1004 3504 1338 3583 perspicere
1366 3503 1561 3583 potuit
1588 3504 1872 3566 mirabilis
1899 3504 2133 3583 peccati
2154 3504 2454 3584 originalis
2471 3519 2742 3583 assertor,

322 3602 547 3681 quippe
594 3603 698 3679 qui
748 3602 809 3663 in
855 3602 1071 3665 diuinis
1120 3604 1423 3681 scripturis
1457 3624 1841 3682 nequaquam
1883 3603 2058 3664 fuerit
2104 3606 2476 3679 exercitatus,
2516 3626 2630 3667 nec
2671 3608 2746 3668 ab

321 3702 580 3778 infantia
610 3700 798 3783 (iuxta
824 3702 987 3765 beati
1028 3703 1196 3764 Pauli
1234 3701 1478 3782 uocem)
1505 3724 1705 3764 sacras
1733 3702 2002 3765 didicerit
2030 3703 2337 3774 ltl‘teras*,·
2373 3705 2483 3766 sed
2511 3705 2637 3765 siue
2665 3706 2744 3767 de

323 3801 647 3879 scripturae
690 3802 963 3863 sensibus
1006 3802 1131 3862 siue
1170 3804 1249 3863 de
1278 3803 1559 3880 dogmate
1588 3820 1769 3878 saepe
1801 3802 2160 3873 declamanS,
2191 3803 2379 3862 multa
2405 3803 2744 3879 frequenter

321 3900 531 3978 inepta
585 3899 823 3977 proprie
880 3898 1354 3961 communiterue
1410 3900 1488 3960 de
1546 3898 1688 3976 ipsis
1749 3898 2072 3977 scripturae
2127 3899 2528 3977 dogmatibuS,
2587 3920 2743 3977 quae
2773 3918 2847 3982 25

322 3996 589 4076 plurimis
628 3996 1006 4073 impudenter
1037 3997 1419 4074 exprompsit.
1505 4015 1646 4056 nam
1685 3996 1994 4074 potentiae
2029 4007 2223 4057 metus
2263 3998 2493 4057 nullum
2536 4010 2745 4059 contra

324 4094 555 4157 sinebat
590 4093 769 4168 effari,
809 4095 916 4155 sed
960 4096 1382 4156 tantummodo
1410 4092 1574 4155 taciti
1602 4093 1708 4172 qui
1736 4094 2069 4154 diuinarum
2108 4094 2525 4173 scripturarum
2561 4096 2742 4159 habe-

422 4258 451 4306 3
486 4241 749 4293 mortalem
771 4241 801 4290 b
829 4238 839 4305 Ι
866 4241 1001 4292 horis
1021 4242 1051 4290 b
1204 4253 1230 4305 7
1264 4242 1401 4306 quod
1427 4239 1545 4306 (for
1562 4237 1702 4305 quia)
1716 4257 1760 4305 g·
1785 4238 1792 4304 Ι
1819 4255 1926 4290 esse
1952 4237 2186 4304 (befuol.)
2210 4240 2317 4290 add
2331 4241 2359 4290 b
2507 4242 2569 4295 16
2600 4254 2744 4309 puta.

321 4325 457 4375 bitur
469 4340 515 4390 g
659 4338 717 4373 21
757 4322 961 4373 illorum
975 4320 1048 4389 g!
1078 4323 1389 4388 praespicere
1403 4338 1448 4388 g
1592 4338 1619 4370 α
1626 4336 1654 4385 5
1688 4321 1944 4388 scripturis
1965 4322 2382 4389 dogmatibusque
2405 4324 2434 4373 b
2445 4340 2490 4390 g

1310 4464 1340 4491 ⁹
1376 4480 1405 4517 2
1429 4465 1563 4517 Tim.
1590 4466 1664 4515 iii.
1693 4480 1770 4533 15.
