3250 5025
296 364 344 427 Ι.
382 362 639 447 8—1o.]
897 376 982 427 IN
1031 377 1134 428 ΕΡ.
1181 377 1285 428 An
1331 376 2075 431 THESSALONICENSES
2122 379 2165 429 1.
2672 378 2711 444 7

292 549 574 625 fuerunt,
639 552 734 625 ita
795 561 868 616 ut
927 551 1109 616 nulla
1169 553 1254 615 sit
1326 551 1577 615 inuidia
1637 550 2086 627 referentibuS,
2146 551 2714 635 quemadmodum

290 657 582 738 suscepti
629 676 858 720 sumus
907 677 947 720 a
988 657 1180 719 uobis
1225 676 1377 720 cum
1423 656 1761 720 celeritate
1811 654 1960 735 (hoc
2007 656 2184 719 enim
2244 656 2408 719 dicit
2465 654 2717 736 qualem

293 760 636 824 introitum
683 758 1032 824 habuimus
1073 760 1170 823 ad
1203 760 1387 843 uos);
1434 768 1502 823 et
1549 759 2120 841 quemadmodum
2168 759 2409 821 nostris
2454 757 2717 841 placitis

291 861 628 936 doctriniS,
679 861 1074 926 discessistis
1115 862 1387 943 quidem
1434 883 1475 924 a
1523 860 2025 924 simulacrorum
2075 861 2349 937 cultura,
2399 879 2717 942 recogno-

291 964 482 1028 uistis
543 985 700 1029 uero
761 976 1056 1029 uestrum
1119 966 1490 1041 dominum,
1536 966 1652 1048 qui
1712 973 1780 1028 et
1842 986 1997 1028 uere
2042 966 2211 1027 uiuit
2259 973 2327 1028 et
2372 973 2474 1027 est
2528 964 2713 1026 Deus

293 1084 527 1141 uerus;
573 1066 946 1129 credidistis
995 1076 1218 1130 autem
1270 1076 1338 1130 et
1379 1065 1506 1129 illis
1548 1086 1721 1149 quae
1762 1066 1848 1130 de
1892 1066 2042 1129 Iesu
2084 1068 2265 1131 dicta
2302 1076 2459 1129 sunt
2500 1066 2709 1139 uobiS,

293 1166 612 1245 quoniam
674 1178 742 1230 et
795 1186 834 1230 a
888 1168 1168 1231 mortuis
1227 1168 1590 1232 resurrexit
1643 1179 1717 1232 ut
1776 1188 2009 1232 omnes
2070 1188 2209 1243 nos,
2258 1169 2370 1251 qui
2432 1168 2498 1230 in
2560 1186 2713 1230 eum

291 1272 637 1348 credimuS,
665 1272 752 1334 ab
783 1282 1141 1354 expectata
1174 1271 1409 1336 liberet
1433 1292 1669 1354 poena,
1702 1282 1770 1335 et
1803 1272 2122 1354 quoniam
2156 1272 2241 1334 de
2272 1270 2459 1333 caelo
2490 1270 2717 1333 ueniet

293 1375 521 1437 omnia
581 1375 775 1439 nobis
834 1372 1158 1437 beneficia
1217 1370 1595 1456 praestans?
1686 1372 1855 1436 bene
1915 1381 2140 1436 autem
2195 1373 2482 1455 primum
2538 1372 2716 1435 dixit

295 1477 660 1541 aduentum
710 1479 850 1540 eius
898 1478 983 1541 de
1024 1476 1228 1553 cae10,
1262 1477 1504 1540 deinde
1548 1476 2109 1551 resurrectionem,
2142 1486 2209 1540 et
2248 1474 2520 1559 quidem
2561 1494 2713 1538 cum

293 1581 524 1645 ordine
569 1582 636 1645 id
685 1582 1050 1645 secundum
1097 1602 1240 1645 esse
1286 1581 1636 1653 uideretur,
1671 1600 1751 1642 eo
1796 1580 1975 1662 quod
2023 1579 2108 1641 ad
2157 1578 2309 1641 fidei
2370 1576 2717 1642 confirma-

295 1685 548 1749 tionem
595 1686 755 1749 illud
800 1685 905 1749 uel
951 1686 1250 1749 maxime
1289 1692 1432 1747 erat
1461 1685 1762 1765 dignum,
1795 1684 1973 1765 quod
2017 1683 2103 1745 de
2142 1681 2328 1745 caelo
2369 1682 2455 1746 sit
2486 1683 2552 1747 in
2585 1680 2717 1746 fine

295 1785 538 1849 saeculi
589 1808 741 1851 cum
784 1808 1030 1869 magna
1070 1787 1488 1869 adpariturus
1527 1786 1757 1867 gloria.
1847 1781 2280 1865 †notandum
2323 1794 2426 1849 est
2473 1794 2715 1861 autem,

295 1888 611 1968 quoniam
655 1890 724 1953 in
767 1888 1268 1952 simulacrorum
1311 1888 1735 1951 abdicatione
1776 1884 1997 1949 Deum
2042 1896 2108 1949 et
2138 1885 2438 1950 ‘uiuum'
2471 1895 2538 1950 et
2567 1890 2717 1949 ‘ue-

296 1989 466 2052 rum’
498 2011 643 2054 esse
674 1991 984 2066 adseruit,
1020 1999 1095 2053 ut
1127 2011 1165 2053 e
1195 1991 1523 2053 contrario
1555 1990 1871 2053 ostendat
1901 1986 2253 2051 simulacra
2284 2008 2499 2071 neque
2530 1988 2714 2050 uiuo-

297 2111 440 2154 rum
484 2113 701 2176 neque
743 2113 1048 2156 uerorum
1090 2113 1234 2156 esse
1264 2094 1559 2168 deorum,
1593 2094 1710 2155 sed
1745 2102 2005 2155 tantum
2039 2093 2196 2175 quia
2238 2090 2405 2153 falso
2446 2090 2717 2154 nomine

428 2312 902 2397 ἐπισημαντέον
952 2313 1022 2379 δὲ
1069 2310 1170 2380 ὅτι
1219 2315 1290 2379 ἐν
1335 2318 1413 2399 τῇ
1462 2317 1590 2379 τῶν
1635 2311 1917 2379 εἰδώλων
1962 2310 2377 2399 ἀναχωρήσει
2421 2312 2531 2376 τὸν
2575 2306 2719 2375 θεὸν

297 2415 406 2480 καὶ
445 2418 686 2497 ζῶντα
732 2415 842 2481 καὶ
887 2414 1258 2497 ἀληθινὸν
1291 2420 1667 2504 προσεῖπεν,
1698 2414 1863 2503 πρὸς
1903 2411 2408 2495 α’ντιδιαστολὴν
2444 2409 2717 2477 ἐκείνων·

399 2609 426 2661 7
460 2615 544 2664 qu·
571 2616 660 2650 res.
691 2617 721 2650 a
743 2609 890 2652 mort.
918 2619 951 2651 r
1143 2617 1176 2667 9
1209 2602 1442 2652 omnibus
1471 2602 1516 2652 C
1533 2618 1565 2650 r
2520 2608 2578 2660 ¹7
2612 2599 2716 2647 &m-

295 2683 566 2742 σημαντέον
591 2683 642 2730 δὲ
664 2685 814 2744 φησὶν
834 2685 908 2733 ὅτι
930 2683 1046 2734 cod.
1072 2685 1188 2736 edd.

1764 2616 1821 2664 13
1849 2618 1963 2652 cum
1985 2617 2169 2666 magna
2188 2616 2267 2651 om
2289 2615 2323 2650 r

364 2860 410 2894 a.
467 2845 868 2907 suscefflisumus,
882 2845 998 2906 δια]
1033 2845 1130 2896 See
1146 2845 1232 2895 the
1248 2852 1460 2895 account

297 2925 358 2975 os
371 2925 472 2975 this
497 2927 678 2976 εἴσοδος
706 2926 758 2976 in
790 2927 918 2976 Acts
949 2928 1068 2976 xvii.
1098 2946 1158 2988 4:
1193 2930 1459 2989 προσεκλη·

1556 2845 1724 2909 object
1755 2845 1815 2895 of
1843 2845 1967 2896 saith
2000 2845 2101 2895 and
2132 2846 2283 2911 hope.
2351 2844 2719 2910 Chrysostom’s

1553 2929 1879 2994 explanation
1901 2931 1944 2979 is
1961 2930 2057 2980 less
2080 2929 2276 2980 forced:
2296 2933 2323 2994 O‘
2336 2931 2586 2986 ἀναμένειν
2603 2931 2716 2991 (φη-

296 3008 524 3069 ρώθησαν
559 3005 630 3068 τῷ
665 3007 848 3070 Παύλῳ
879 3012 960 3058 καὶ
999 3011 1070 3070 τῷ
1107 3011 1237 3070 Σίλᾳ
1275 3013 1372 3059 τῶν
1406 3026 1461 3057 τε

299 3091 571 3152 σεβομένων
589 3088 840 3151 Ἑλλήνων
861 3087 1046 3152 πλῆθος
1061 3091 1206 3150 πολύ,
1222 3089 1462 3154 ’γυναικῶν

298 3187 356 3218 τε
382 3173 582 3234 πρώτων
605 3175 690 3220 οὐκ
711 3174 888 3234 ὀλίγαι.

366 3267 413 3315 3.
472 3254 696 3317 placita's]
747 3255 944 3319 Jacobi‚
982 3255 1192 3320 reading
1231 3256 1364 3304 enim
1407 3254 1461 3304 in

299 3337 334 3386 l.
363 3355 409 3398 4,
437 3345 652 3385 corrects
665 3337 880 3400 placetis.

368 3429 414 3479 5.
471 3423 690 3464 uestrum
713 3417 997 3478 dominum]
1030 3417 1213 3483 Comp.
1233 3418 1318 3467 the
1335 3425 1456 3480 text,

301 3513 352 3562 p.
367 3495 415 3554 6,
440 3497 474 3547 1.
500 3511 574 3559 15.
628 3497 678 3546 It
699 3498 864 3547 would
891 3513 1024 3547 seem
1047 3497 1156 3548 that
1179 3499 1339 3548 either
1360 3499 1460 3548 Th.

301 3578 419 3627 read
453 3578 794 3640 ἐπεστρέψατε
827 3580 946 3640 πρὸς
987 3581 1072 3629 τὸν
1109 3577 1269 3642 κύριον
1309 3579 1392 3640 (cf.
1432 3596 1460 3630 2

299 3661 416 3709 Cor.
447 3659 518 3708 iii.
549 3657 726 3721 16)—a
747 3659 940 3708 variant
964 3659 1024 3708 os
1049 3661 1214 3710 which
1248 3661 1386 3710 there
1419 3661 1462 3710 is

299 3757 367 3788 no
389 3748 524 3790 trace
547 3739 665 3789 here
676 3757 694 3801 3
726 3756 784 3789 or
807 3741 892 3790 the
915 3741 1076 3790 scribe
1097 3742 1189 3791 has
1210 3742 1460 3807 imported

299 3822 458 3884 κύριον
481 3822 588 3872 into
611 3821 698 3871 the
719 3829 824 3873 text
847 3822 976 3872 srom
999 3823 1098 3874 this
1121 3833 1388 3874 comment.

366 3916 410 3968 7.
482 3907 760 3954 resurrexit
800 3907 1086 3956 utmlffieret
1116 3909 1298 3971 poena]
1377 3909 1462 3958 On

297 3989 383 4038 the
421 3987 634 4036 relation
672 3988 731 4036 of
755 3987 843 4038 the
881 3989 1233 4039 Resurrection
1277 3998 1331 4040 to
1375 3991 1461 4042 the

295 4067 468 4130 ἄφεσις
489 4068 748 4130 ἁμαρτιῶν,
773 4085 856 4120 see
877 4069 1039 4120 above
1060 4086 1128 4119 on
1153 4071 1284 4135 Eph.
1310 4070 1343 4120 i.
1373 4085 1416 4134 7.

365 4165 413 4215 9.
483 4151 596 4200 bene
616 4159 778 4200 autem
799 4153 1047 4216 pre'mum,
1070 4153 1184 4214 δια]
1254 4154 1352 4203 Ι.ε.
1377 4155 1463 4204 the

300 4229 499 4278 Second
515 4229 737 4285 Advent‚
757 4229 999 4294 although
1018 4231 1082 4293 [et
1095 4231 1348 4295 quidem:
1360 4233 1461 4279 καί·

300 4328 408 4372 περ,
432 4309 496 4360 cf.
519 4323 555 4360 1.
585 4325 638 4375 p.
662 4310 768 4373 184,
799 4312 834 4361 1.
859 4325 908 4377 9,
937 4313 1076 4374 note]
1107 4313 1233 4362 later
1261 4311 1314 4361 in
1341 4315 1463 4362 time

301 4393 366 4452 (c.
390 4391 458 4440 iv.
481 4388 557 4454 14)
583 4389 703 4441 than
727 4391 814 4441 the
843 4392 1194 4442 Resurrection
1218 4391 1260 4442 is
1283 4393 1462 4458 placed

301 4475 422 4534 first,
451 4473 706 4523 inasmuch
731 4489 786 4523 as
809 4473 848 4523 it
869 4475 1090 4540 supplies
1113 4490 1142 4526 a
1164 4482 1248 4540 yet
1269 4482 1467 4539 greater

1557 3009 1653 3073 σίν)
1690 3013 1775 3058 τὸν
1821 3011 1922 3059 υίὸν
1956 3013 2102 3059 αὐτοῦ
2133 3012 2189 3060 ἐκ
2220 3013 2317 3059 τῶν
2350 3007 2594 3072 οὐρανῶν.’
2629 3011 2717 3060 τὸν

1558 3094 1931 3156 ἐσταυρωμένον,
1960 3091 2045 3141 τὸν
2067 3093 2314 3153 ταφέντος
2360 3089 2431 3141 διὸ
2466 3095 2546 3140 καὶ
2572 3093 2717 3140 τοῦτο

1557 3175 1717 3235 δηλῶν
1738 3177 1929 3236 ἐπάγει,
1956 3179 1968 3202 ‘
1986 3173 2041 3223 ὃν
2062 3173 2304 3237 ἤγειραν,’
2326 3176 2476 3224 κ.τ.λ.

1631 3273 1703 3320 ¹3·
1780 3256 2364 3319 notandum...adseruit]
2450 3254 2601 3306 cited
2648 3255 2719 3319 by

1553 3337 1820 3388 Lansranc.

1629 3431 1704 3481 15.
1771 3423 1833 3466 ut
1856 3434 1883 3467 e
1910 3419 2159 3468 contrario
2179 3419 2409 3478 ostendat,
2434 3417 2552 3480 δια]
2620 3417 2717 3469 See

1557 3501 1644 3550 the
1667 3501 1769 3551 Gk.
1785 3501 1969 3558 below,
1987 3501 2090 3550 and
2114 3514 2151 3550 1.
2168 3518 2219 3567 p.
2236 3502 2399 3550 xxxvi.
2446 3503 2523 3550 Dr
2536 3501 2719 3566 Jacobi

1557 3582 1809 3632 remarks:
1862 3584 2059 3632 “uerba
2098 3583 2581 3632 ostendat...disatur
2613 3597 2717 3632 non

1556 3668 1813 3717 Theodori
1856 3669 1945 3717 sed
1980 3667 2263 3730 interpretis
2296 3665 2436 3714 latini
2470 3664 2720 3729 glossema

1559 3763 1667 3796 esse
1692 3745 1975 3798 uidentur-’⁹
2040 3748 2229 3796 Thdt.=
2265 3747 2425 3810 ζῶντα
2454 3747 2544 3804 μὲν
2571 3747 2717 3794 αὐτὸν

1557 3827 1804 3886 ὠνόμασεν
1836 3827 1897 3878 ὡς
1929 3829 2117 3876 ἐκείνων
2150 3829 2205 3876 οὐ
2238 3825 2446 3891 ζώντων·
2495 3823 2721 3885 ἀληθινὸν

1557 3909 1622 3963 δέ,
1672 3908 1733 3956 ὠς
1772 3909 1965 3957 ἐκείνων
2013 3909 2193 3971 ψευδῶς
2230 3909 2353 3955 θεῶν
2398 3908 2717 3965 καλουμένων.

1557 3987 1639 4036 Cf.
1676 3988 1853 4050 Chrys.
1900 4003 1966 4037 on
2006 4003 2027 4036 1
2068 3988 2187 4037 Cor.
2222 3987 2324 4036 viii.
2363 4000 2416 4050 5:
2461 3987 2630 4044 ἐπειδὴ
2674 3985 2721 4034 ol

1555 4069 1647 4126 μὲν
1697 4067 2005 4131 [παχύτεροι]
2053 4069 2186 4116 οὐδὲν
2231 4068 2385 4117 πλέον
2428 4064 2525 4116 τῶν
2567 4067 2715 4116 λίθων

1557 4149 1736 4206 ἴσασιν,
1768 4149 1812 4195 οί
1843 4149 1893 4197 δὲ
1923 4149 2191 4211 [δοκουντες
2214 4149 2523 4210 φιλοσοφεῖν]
2546 4149 2715 4209 λέγον·

1557 4245 1636 4276 σιν
1676 4231 1759 4277 καὶ
1792 4231 2008 4290 δυνάμεις
2038 4232 2171 4281 τινὰς
2202 4232 2346 4280 οίκεΐν
2380 4233 2432 4280 ἐν
2464 4233 2625 4281 αὐτοῖς
2662 4230 2718 4282 ἅς

1558 4313 1639 4360 καὶ
1673 4313 1807 4363 θεοὺς
1838 4316 2082 4372 καλοῦσιν,
2122 4313 2238 4376 πρὸς
2268 4316 2357 4375 μὲν
2392 4315 2474 4363 οῦν
2514 4315 2717 4364 ἐκείνους

1557 4397 1710 4457 φησὶν
1737 4396 1813 4445 ὅτι
1843 4397 1999 4445 ὀὐδὲν
2034 4397 2232 4444 εἴδωλον
2261 4398 2313 4445 ἐν
2348 4393 2567 4458 κόσμῳ·’
2599 4395 2719 4458 πρὸς

1553 4477 1608 4526 δὲ
1628 4473 1840 4535 τούτους,
1862 4474 1939 4525 ὅτι
1964 4480 1978 4504 ⁶
1991 4477 2139 4527 οὐδεὶς
2160 4472 2265 4527 θεὸς
2286 4477 2443 4539 ἔτερος
2465 4479 2507 4525 εί
2525 4477 2595 4536 μὴ
2618 4475 2716 4526 εἶς)

2752 1492 2829 1541 10
