3250 5025
528 367 655 445 236
1194 381 1652 435 TussoDoRth
1699 383 2288 437 MOPSUESTENUS
2697 450 2702 453 ‚
2771 372 2846 458 [Ι.
2885 388 2962 455 5.·

523 553 796 635 quando
839 553 1094 635 optime
1132 575 1206 618 se
1248 568 1387 618 rem
1427 555 1675 619 habere
1712 557 2170 635 existimauit;
2214 578 2416 641 quern
2463 558 2666 624 etiam
2713 570 2782 626 et
2822 583 2945 644 pro

523 656 837 719 omnibus
886 658 1250 722 suscitauit.
1339 660 1521 741 quod
1572 665 1643 740 et
1685 640 1941 723 cunctis
1983 660 2259 742 cupiens
2297 662 2744 741 manifestare,
2785 669 2944 731 doc-

522 758 767 822 trinam
798 758 959 823 mihi
992 761 1078 825 de
1107 759 1288 825 hisce
1319 754 1677 842 commisit,
1710 772 1784 827 ut
1815 783 1974 826 cum·
2009 763 2456 829 sollicitudine
2495 776 2564 830 et
2607 770 2946 835 celeritate

522 882 898 944 percurram
930 864 1227 929 diuersas
1254 865 1632 948 prouincias
1665 875 1733 932 et
1774 867 2092 950 impleam
2135 868 2296 932 mihi
2344 870 2742 952 promissam
2787 872 2944 936 doc-

458 964 491 1031 5
523 966 800 1031 trinam!
873 965 982 1030 hic
1011 969 1189 1031 enim
1222 976 1587 1031 est-sensus
1617 968 2168 1037 interiectionum.
2241 992 2398 1036 nam
2430 972 2666 1037 beatus
2698 974 2944 1038 Paulus

522 1070 609 1133 ad
641 1069 1178 1135 exhortationem
1225 1071 1363 1136 Titi
1401 1092 1672 1136 causam
1716 1074 1816 1136 sui
1861 1074 2279 1155 apostolatus
2322 1076 2693 1139 necessarie
2723 1078 2941 1142 uoluit

522 1172 895 1251 insinuare3
939 1196 1096 1240 narn
1142 1178 1322 1259 quod
1370 1177 1583 1241 dixit:
1642 1176 1788 1240 Tito
1831 1177 2168 1243 carissimo
2192 1179 2348 1263 filio
2389 1180 2734 1255 secundum
2777 1202 2942 1245 com-

520 1298 778 1341 munem
790 1279 1017 1363 fidem,
1042 1279 1170 1343 hoc
1200 1291 1318 1359 est,
1347 1282 1493 1365 ‘qui
1526 1282 1892 1345 secundum
1927 1281 2128 1347 fidem
2162 1304 2348 1347 meus
2381 1305 2453 1348 es
2483 1283 2675 1358 filius,
2709 1305 2942 1348 secun-

521 1378 685 1443 dum
734 1384 914 1463 quod
964 1388 1336 1449 eommunis
1386 1386 1547 1450 mihi
1596 1385 1813 1479 factus
1861 1408 1948 1463 eS,
1994 1407 2117 1471 per
2163 1408 2383 1451 meam
2431 1388 2804 1452 doctrinam
2851 1388 2942 1453 ad

422 1496 502 1549 10
524 1480 725 1547 fidem
756 1488 1117 1553 accedens?
1205 1492 1433 1574 sicque
1477 1512 1956 1556 consummans
1998 1493 2372 1576 epistolam,
2406 1492 2638 1577 incipit
2667 1513 2941 1559 causam

521 1607 790 1653 suarum
821 1590 1188 1673 explanare
1218 1592 1591 1658 litterarum
1625 1618 1642 1659 z

650 1740 851 1806 liuius
878 1743 977 1808 rei
990 1744 1227 1827 gratia
1256 1745 1495 1829 reliqui
1522 1757 1582 1810 te
1614 1744 1856 1823 Cretae,
1889 1756 1965 1810 ut
1991 1768 2066 1810 ea
2095 1767 2257 1830 quae
2285 1746 2518 1812 desunt
2544 1748 2848 1832 corrigas.

653 1868 826 1933 bene
872 1870 1052 1934 dixit
1100 1891 1265 1954 quae
1310 1872 1543 1936 desunt
1557 1896 1589 1949 ‚·
1631 1871 1858 1955 †nam
1905 1874 2176 1957 pietatis
2225 1874 2396 1937 ratio
2441 1874 2753 1939 omnibus
2799 1885 2942 1940 erat

522 1974 771 2038 tradita
804 1974 890 2037 ab
930 1974 1262 2057 apostolo,
1292 1976 1591 2041 restabat
1635 1996 1796 2040 uero
1839 1985 1914 2039 ut
1954 1976 2366 2059 dispensatio
2403 1997 2564 2059 erga
2593 1978 2940 2042 credentes

423 2090 495 2159 15
525 2077 924 2160 impleretur,
956 2079 1052 2141 ita
1083 2088 1155 2142 ut
1186 2087 1253 2142 et
1284 2080 1369 2143 ad
1401 2099 1797 2142 consensum
1823 2079 2321 2144 instituerentur
2344 2100 2462 2161 per
2491 2080 2939 2145 ordinationes

524 2180 1063 2247 ecclesiasticas*
1154 2190 1222 2247 et
1252 2203 1424 2266 quae
1456 2184 1543 2247 sit
1573 2182 1894 2247 correctio
1927 2184 2299 2246 necessaria
2331 2184 2663 2248 insinuat:

652 2335 732 2391 ut
755 2326 1107 2391 constituas
1120 2338 1246 2410 per
1270 2326 1565 2390 ciuitates
1579 2328 1994 2409 presbyteros,
2023 2326 2193 2391 sicut
2219 2348 2332 2410 ego
2346 2327 2645 2411 praecepi
2671 2328 2866 2413 [tibi]

652 2492 688 2560 ὁ
737 2494 866 2584 «γὰρ
918 2497 1031 2579 τῆς
1090 2493 1431 2576 εὐσεβείας
1488 2493 1690 2580 λόγος
1750 2495 2156 2584 παραδέδοτο
2214 2499 2434 2564 πᾶσιν
2495 2491 2652 2582 παρ’
2713 2491 2944 2563 αὐτοῦ·

522 2595 823 2664 ἐλείπετο
889 2597 961 2664 δὲ
1024 2598 1447 2683 οἰκονομῆσαι
1511 2599 1598 2666 τὰ
1654 2599 1829 2665 κατὰ
1885 2600 2034 2669 τοὺς
2098 2598 2623 2669 πεπιστευκότας
2681 2597 2794 2664 καὶ
2851 2597 2940 2667 εἰς

415 2726 502 2775 20
522 2698 838 2784 ἁρμονίαν
908 2697 1138 2772 αὐτοὺς
1211 2705 1636 2784 καταστῆσαι
1707 2706 1850 2772 ταῖς
1934 2701 2524 2782 ἐκκλησιαστικαῖς
2611 2703 2940 2771 διατυπώ-

524 2827 733 2869 σεσιν.

626 2976 645 3011 1
684 2976 837 3026 quam
862 2961 979 3024 (for
996 2960 1166 3027 quem)
1190 2963 1259 3013 H
1414 2985 1423 2992 ·
1450 2978 1508 3027 14
1541 2965 1731 3014 credita
1754 2965 1871 3028 (for
1899 2965 2103 3025 tradita)
2128 2967 2152 3016 l
2173 2963 2184 3028 Ι
2213 2981 2332 3015 uero
2357 2981 2436 3016 om
2459 2981 2493 3015 r
2722 2977 2780 3027 17
2814 2967 2946 3018 sicut

522 3058 617 3106 ego
640 3058 801 3107 praec.
832 3051 869 3094 t.
893 3060 971 3093 om
994 3061 1027 3094 r
1050 3042 1059 3108 Ι
1090 3045 1344 3110 praecipio
1366 3047 1434 3095 H
1454 3045 1463 3110 Ι
1490 3047 1581 3096 tibi
1604 3063 1682 3096 om
1711 3049 1753 3097 C
1773 3048 1841 3098 H
2031 3051 2090 3099 18
2113 3065 2188 3114 sq.
2231 3049 2385 3099 Coisl.
2406 3047 2570 3110 204,l.
2594 3063 2632 3096 c.
2691 3050 2942 3111 θεοδώρου.

524 3123 549 3173 ὁ
571 3127 670 3188 γὰρ
691 3127 793 3186 τῆς,
818 3128 965 3176 κ.τ.λ.
995 3122 1004 3190 Ι
1035 3125 1323 3188 παρεδέδοτο
1346 3129 1427 3177 Fr.
1442 3145 1457 3188 ς
1493 3135 1603 3189 tart„
1633 3128 1748 3178 cod.
1775 3130 1859 3179 Cr.

588 3279 636 3329 5.
698 3265 1377 3328 intm‘ectionum]=illorum
1430 3283 1561 3332 quae
1604 3267 1680 3317 in·

520 3347 779 3398 terieoerat
802 3346 915 3409 (τῶν
938 3350 1365 3410 παρεντεθέντων).

586 3446 709 3479 nam
753 3431 798 3479 b.
846 3431 1053 3493 Paulus,
1098 3431 1209 3494 δια]
1293 3431 1407 3481 The
1452 3429 1678 3481 mention

521 3511 581 3561 of
614 3509 668 3560 S.
704 3509 873 3560 Paul’s
901 3511 1148 3576 apostolic
1181 3511 1501 3561 commissioni
1541 3511 1681 3560 leads

520 3591 769 3654 naturally
803 3598 857 3640 to
894 3591 981 3642 the
1002 3592 1216 3656 thought
1254 3591 1313 3640 os
1342 3591 1422 3640 his
1454 3591 1680 3656 spiritual

522 3672 733 3722 relation
770 3679 825 3722 to
860 3673 1021 3730 Titus,
1066 3673 1168 3722 and
1212 3689 1269 3722 so
1314 3688 1549 3738 prepares
1592 3673 1680 3722 the

524 3755 671 3804 latter
704 3755 783 3804 for
813 3755 899 3806 the
932 3753 1274 3805 exhortations
1309 3754 1476 3804 which
1508 3771 1591 3804 are
1624 3761 1680 3804 to

522 3825 709 3888 ronow.

588 3920 637 3968 8.
701 3919 967 3968 secundum
989 3917 1123 3982 quod
1138 3917 1427 3974 conununir,
1452 3916 1564 3979 δια]
1596 3915 1682 3965 ὅτε

523 3985 868 4060 κεκοινωνηκῶς
892 3999 1011 4057 ἐμοί.
1068 3999 1147 4048 Cf.
1171 3997 1353 4047 Thdt.:
1392 3995 1680 4057 κοινωνήσας

521 4081 622 4143 ’γὰρ
674 4079 746 4143 τῷ
797 4077 1053 4142 ὀποστόλῳ
1104 4077 1192 4140 τῆς
1254 4081 1461 4129 πίστεως
1513 4080 1684 4128 καλεῖν

524 4165 667 4212 αὐτὸν
701 4160 881 4222 ἠξιώθη
901 4163 1107 4226 πατέρα.
1174 4159 1429 4224 Similarly
1446 4160 1677 4224 jerome:

530 4247 865 4293 “utrumnum
886 4243 1111 4293 omnium
1134 4243 1219 4307 qui
1251 4242 1305 4292 in
1338 4242 1541 4292 Christo
1574 4257 1678 4292 cre·

524 4326 712 4374 debant
733 4341 1036 4374 communem
1053 4322 1232 4373 dixerit
1245 4324 1396 4387 fidem
1411 4323 1437 4373 Ρ
1468 4339 1535 4372 an
1556 4339 1678 4374 cotn-

526 4403 740 4466 rntenm,
792 4421 935 4456 suam
977 4412 1175 4455 tantum
1223 4413 1275 4455 et
1316 4405 1456 4454 Titi?
1543 4405 1680 4468 quod

525 4489 726 4554 quidem
782 4489 905 4538 mihi
960 4487 1139 4537 melius
1187 4489 1400 4547 uidetur,
1464 4487 1680 4553 apostoli

1783 3267 1925 3318 Pauli
1981 3275 2032 3319 et
2086 3267 2190 3319 Titi
2239 3266 2393 3318 fidem
2437 3266 2586 3317 fuisse
2620 3282 2940 3318 communem

1780 3365 1932 3414 quam
1955 3348 2180 3398 omnium
2203 3346 2566 3399 credentium.”

1851 3447 1928 3482 ιο.
1993 3444 2344 3480 consummans
2362 3429 2633 3496 epistolam]
2666 3429 2778 3479 The
2795 3445 2939 3480 sense

1780 3513 1999 3578 requires
2019 3513 2457 3578 praescriptionem
2485 3511 2709 3576 epzktolas
2744 3507 2827 3574 (cf.
2860 3527 2943 3560 su·

1768 3601 1889 3659 pra,
1917 3609 1968 3659 p.
1999 3607 2111 3658 235,
2134 3593 2188 3642 ll.
2219 3609 2264 3658 3,
2292 3590 2362 3656 6).

1850 3693 1926 3742 ¹3·
1991 3677 2106 3727 bene
2124 3677 2386 3728 debris...ab
2417 3675 2646 3742 apostolo]
2701 3675 2850 3726 cited
2873 3676 2942 3740 by

1781 3761 2057 3810 Lanfranc:
2091 3775 2175 3809 see
2191 3775 2270 3807 vv.
2289 3759 2345 3808 11.

1852 3841 1927 3893 16.
1991 3858 2119 3908 quae
2149 3842 2219 3890 sit
2247 3839 2491 3901 correctio]
2556 3839 2669 3888 The
2705 3837 2940 3903 requisite

1781 3921 2110 3986 ἐπιδιὸρθωις
2143 3939 2245 3972 was
2279 3922 2407 3972 little
2444 3921 2547 3970 else
2585 3920 2706 3970 than
2744 3919 2828 3967 the
2861 3933 2937 3966 or·

1781 4005 2007 4054 dination
2028 4003 2166 4053 osan
2190 4001 2454 4067 Apostolic
2469 4001 2712 4062 ministry.
2764 3997 2931 4062 Pelag.

1781 4102 1846 4136 on
1871 4085 1956 4135 the
1978 4094 2206 4148 contrary
2221 4084 2510 4148 interprets:
2541 4084 2578 4107 “
2596 4095 2722 4141 quae
2739 4079 2938 4140 desunt,

1781 4175 1916 4217 recto
1941 4175 2110 4217 tenore
2129 4166 2342 4229 corrige;
2366 4174 2416 4214 et
2440 4173 2558 4213 tunc
2579 4163 2783 4212 demum
2807 4176 2940 4225 pres-

1779 4248 1982 4312 byteros
2019 4247 2206 4310 poteris
2241 4246 2488 4302 ordinare,
2529 4259 2642 4294 cum
2679 4257 2854 4292 omnes
2887 4241 2940 4292 in

1780 4327 2003 4378 ecclesiis
2025 4327 2206 4376 fuerint
2227 4323 2400 4376 recti.”

1853 4419 1926 4470 ¹7-
1955 4406 2202 4472 praecepi]
2227 4406 2298 4455 So
2322 4406 2465 4456 Hier.
2488 4403 2616 4470 (bis),
2632 4405 2723 4454 but
2737 4404 2808 4452 ad
2820 4404 2933 4462 la.l.‚

1787 4492 1822 4516 ‘⁴
1838 4487 2124 4554 disposui;”
2159 4488 2244 4538 the
2265 4489 2415 4539 latter
2434 4488 2478 4538 is
2502 4489 2587 4537 the
2611 4486 2875 4550 rendering
2889 4485 2947 4534 of
