<?xml version="1.0" encoding="UTF-8"?>
<!DOCTYPE html PUBLIC "-//W3C//DTD XHTML 1.0 Transitional//EN"
    "http://www.w3.org/TR/xhtml1/DTD/xhtml1-transitional.dtd">
<html xmlns="http://www.w3.org/1999/xhtml" xml:lang="en" lang="en">
 <head>
  <title>
</title>
<meta http-equiv="Content-Type" content="text/html;charset=utf-8" />
  <meta name='ocr-system' content='tesseract 3.04.00' />
  <meta name='ocr-capabilities' content='ocr_page ocr_carea ocr_par ocr_line ocrx_word'/>
</head>
<body>
  <div class='ocr_page' id='page_1' title='image "./theodoriepiscop01swetgoog_0096.png"; bbox 0 0 3250 5025; ppageno 0'>
   <div class='ocr_carea' id='block_1_1' title="bbox 543 317 2299 394">
    <p class='ocr_par' dir='ltr' id='par_1_1' title="bbox 543 317 2299 394">
     <span class='ocr_line' id='line_1_1' title="bbox 543 317 2299 394; baseline 0.002 -16"><span class='ocrx_word' id='word_1_1' title='bbox 543 317 628 394; x_wconf 88' lang='grc'>84</span> <span class='ocrx_word' id='word_1_2' title='bbox 1207 329 1663 382; x_wconf 86' lang='lat' dir='ltr'>THEODORUS</span> <span class='ocrx_word' id='word_1_3' title='bbox 1713 328 2299 382; x_wconf 88' lang='lat' dir='ltr'>MOPSUESTENUS</span> 
     </span>
    </p>
   </div>
   <div class='ocr_carea' id='block_1_2' title="bbox 2744 317 2956 402">
    <p class='ocr_par' dir='ltr' id='par_1_2' title="bbox 2744 317 2956 402">
     <span class='ocr_line' id='line_1_2' title="bbox 2744 317 2956 402; baseline 0 -22"><span class='ocrx_word' id='word_1_4' title='bbox 2744 317 2825 402; x_wconf 89' lang='grc' dir='ltr'>[Ι.</span> <span class='ocrx_word' id='word_1_5' title='bbox 2860 332 2956 381; x_wconf 90' lang='lat'>20.</span> 
     </span>
    </p>
   </div>
   <div class='ocr_carea' id='block_1_3' title="bbox 479 499 2964 1412">
    <p class='ocr_par' dir='ltr' id='par_1_3' title="bbox 479 499 2964 1412">
     <span class='ocr_line' id='line_1_3' title="bbox 545 499 2964 581; baseline -0 -17"><span class='ocrx_word' id='word_1_6' title='bbox 545 501 632 564; x_wconf 90' lang='lat' dir='ltr'>ab</span> <span class='ocrx_word' id='word_1_7' title='bbox 663 499 938 564; x_wconf 89' lang='lat' dir='ltr'>ecclesia</span> <span class='ocrx_word' id='word_1_8' title='bbox 957 499 999 581; x_wconf 88' lang='lat'>;’</span> <span class='ocrx_word' id='word_1_9' title='bbox 1037 500 1228 566; x_wconf 90' lang='lat' dir='ltr'>sicuti</span> <span class='ocrx_word' id='word_1_10' title='bbox 1262 512 1328 566; x_wconf 91' lang='lat' dir='ltr'>et</span> <span class='ocrx_word' id='word_1_11' title='bbox 1362 502 1724 567; x_wconf 91' lang='lat' dir='ltr'>Corinthiis</span> <span class='ocrx_word' id='word_1_12' title='bbox 1756 504 2050 566; x_wconf 90' lang='lat' dir='ltr'>scribens</span> <span class='ocrx_word' id='word_1_13' title='bbox 2080 502 2337 566; x_wconf 85' lang='lat' dir='ltr'>dixisse</span> <span class='ocrx_word' id='word_1_14' title='bbox 2368 503 2659 567; x_wconf 86' lang='lat' dir='ltr'>uidetur:</span> <span class='ocrx_word' id='word_1_15' title='bbox 2716 501 2964 565; x_wconf 81' lang='lat' dir='ltr'><em>tradere</em></span> 
     </span>
     <span class='ocr_line' id='line_1_4' title="bbox 541 604 2961 690; baseline 0 -22"><span class='ocrx_word' id='word_1_16' title='bbox 541 625 688 668; x_wconf 82' lang='lat' dir='ltr'>eum</span> <span class='ocrx_word' id='word_1_17' title='bbox 739 605 859 686; x_wconf 83' lang='lat' dir='ltr'>qui</span> <span class='ocrx_word' id='word_1_18' title='bbox 899 605 1054 669; x_wconf 85' lang='lat' dir='ltr'>talis</span> <span class='ocrx_word' id='word_1_19' title='bbox 1103 616 1197 670; x_wconf 87' lang='lat' dir='ltr'>est</span> <span class='ocrx_word' id='word_1_20' title='bbox 1249 607 1558 683; x_wconf 81' lang='lat' dir='ltr'>Satanae,</span> <span class='ocrx_word' id='word_1_21' title='bbox 1608 629 1689 670; x_wconf 91' lang='lat' dir='ltr'>eo</span> <span class='ocrx_word' id='word_1_22' title='bbox 1742 609 1922 690; x_wconf 92' lang='lat' dir='ltr'>quod</span> <span class='ocrx_word' id='word_1_23' title='bbox 1982 608 2073 670; x_wconf 89' lang='lat' dir='ltr'>illi</span> <span class='ocrx_word' id='word_1_24' title='bbox 2122 608 2234 690; x_wconf 89' lang='lat' dir='ltr'>qui</span> <span class='ocrx_word' id='word_1_25' title='bbox 2283 608 2370 670; x_wconf 91' lang='lat' dir='ltr'>ab</span> <span class='ocrx_word' id='word_1_26' title='bbox 2414 607 2693 670; x_wconf 89' lang='lat' dir='ltr'>ecclesia</span> <span class='ocrx_word' id='word_1_27' title='bbox 2734 604 2961 670; x_wconf 90' lang='lat' dir='ltr'>exclu-</span> 
     </span>
     <span class='ocr_line' id='line_1_5' title="bbox 543 709 2962 794; baseline -0 -23"><span class='ocrx_word' id='word_1_28' title='bbox 543 709 793 772; x_wconf 89' lang='lat' dir='ltr'>duntur</span> <span class='ocrx_word' id='word_1_29' title='bbox 850 710 975 772; x_wconf 93' lang='lat' dir='ltr'>sub</span> <span class='ocrx_word' id='word_1_30' title='bbox 1037 709 1330 774; x_wconf 86' lang='lat' dir='ltr'>Satanae</span> <span class='ocrx_word' id='word_1_31' title='bbox 1390 721 1727 793; x_wconf 83' lang='lat' dir='ltr'><strong>potestate</strong></span> <span class='ocrx_word' id='word_1_32' title='bbox 1776 711 1976 794; x_wconf 91' lang='lat' dir='ltr'>positi</span> <span class='ocrx_word' id='word_1_33' title='bbox 2039 732 2186 775; x_wconf 88' lang='lat' dir='ltr'>esse</span> <span class='ocrx_word' id='word_1_34' title='bbox 2245 709 2962 774; x_wconf 84' lang='lat' dir='ltr'>uidentur—ecclesiae</span> 
     </span>
     <span class='ocr_line' id='line_1_6' title="bbox 544 809 2963 892; baseline -0.001 -18"><span class='ocrx_word' id='word_1_35' title='bbox 544 811 1015 874; x_wconf 82' lang='lat' dir='ltr'>alienationem</span> <span class='ocrx_word' id='word_1_36' title='bbox 1065 814 1528 876; x_wconf 88' lang='lat' dir='ltr'>‘traditionem</span> <span class='ocrx_word' id='word_1_37' title='bbox 1577 811 1906 876; x_wconf 89' lang='lat' dir='ltr'>Satanae&#39;</span> <span class='ocrx_word' id='word_1_38' title='bbox 1951 832 2217 888; x_wconf 90' lang='lat' dir='ltr'>uocans,</span> <span class='ocrx_word' id='word_1_39' title='bbox 2264 812 2625 874; x_wconf 88' lang='lat' dir='ltr'>ostendens</span> <span class='ocrx_word' id='word_1_40' title='bbox 2673 831 2793 892; x_wconf 92' lang='lat' dir='ltr'>per</span> <span class='ocrx_word' id='word_1_41' title='bbox 2836 809 2963 872; x_wconf 91' lang='lat' dir='ltr'>hoc</span> 
     </span>
     <span class='ocr_line' id='line_1_7' title="bbox 479 912 2962 1004; baseline -0.001 -27"><span class='ocrx_word' id='word_1_42' title='bbox 479 921 512 988; x_wconf 82' lang='grc'><strong><em>5</em></strong></span> <span class='ocrx_word' id='word_1_43' title='bbox 544 923 868 997; x_wconf 89' lang='lat' dir='ltr'>quantum</span> <span class='ocrx_word' id='word_1_44' title='bbox 901 916 1060 979; x_wconf 91' lang='lat' dir='ltr'>mali</span> <span class='ocrx_word' id='word_1_45' title='bbox 1091 918 1178 980; x_wconf 89' lang='lat' dir='ltr'>sit</span> <span class='ocrx_word' id='word_1_46' title='bbox 1208 918 1294 980; x_wconf 92' lang='lat' dir='ltr'>de</span> <span class='ocrx_word' id='word_1_47' title='bbox 1324 917 1602 980; x_wconf 90' lang='lat' dir='ltr'>ecclesia</span> <span class='ocrx_word' id='word_1_48' title='bbox 1636 916 1923 980; x_wconf 87' lang='lat' dir='ltr'>excludi.</span> <span class='ocrx_word' id='word_1_49' title='bbox 2014 926 2082 979; x_wconf 93' lang='lat' dir='ltr'>et</span> <span class='ocrx_word' id='word_1_50' title='bbox 2123 926 2197 1004; x_wconf 92' lang='lat' dir='ltr'>ut</span> <span class='ocrx_word' id='word_1_51' title='bbox 2235 936 2319 979; x_wconf 89' lang='lat' dir='ltr'>ne</span> <span class='ocrx_word' id='word_1_52' title='bbox 2349 916 2685 978; x_wconf 90' lang='lat' dir='ltr'>uideretur</span> <span class='ocrx_word' id='word_1_53' title='bbox 2720 912 2962 975; x_wconf 89' lang='lat' dir='ltr'>seueri-</span> 
     </span>
     <span class='ocr_line' id='line_1_8' title="bbox 541 1019 2961 1103; baseline -0.001 -23"><span class='ocrx_word' id='word_1_54' title='bbox 541 1027 683 1082; x_wconf 87' lang='lat' dir='ltr'>tate</span> <span class='ocrx_word' id='word_1_55' title='bbox 714 1019 1006 1101; x_wconf 90' lang='lat' dir='ltr'>quadam</span> <span class='ocrx_word' id='word_1_56' title='bbox 1039 1041 1154 1084; x_wconf 91' lang='lat' dir='ltr'>eos</span> <span class='ocrx_word' id='word_1_57' title='bbox 1185 1021 1539 1085; x_wconf 87' lang='lat' dir='ltr'>tradidisse</span> <span class='ocrx_word' id='word_1_58' title='bbox 1570 1030 1638 1084; x_wconf 88' lang='lat' dir='ltr'>et</span> <span class='ocrx_word' id='word_1_59' title='bbox 1669 1022 1849 1103; x_wconf 90' lang='lat' dir='ltr'>quod</span> <span class='ocrx_word' id='word_1_60' title='bbox 1897 1021 2066 1084; x_wconf 90' lang='lat' dir='ltr'>nolit</span> <span class='ocrx_word' id='word_1_61' title='bbox 2103 1041 2331 1083; x_wconf 90' lang='lat' dir='ltr'>eorum</span> <span class='ocrx_word' id='word_1_62' title='bbox 2381 1020 2670 1101; x_wconf 92' lang='lat' dir='ltr'>recipere</span> <span class='ocrx_word' id='word_1_63' title='bbox 2711 1035 2961 1080; x_wconf 87' lang='lat' dir='ltr'>correc-</span> 
     </span>
     <span class='ocr_line' id='line_1_9' title="bbox 541 1121 2959 1204; baseline 0 -21"><span class='ocrx_word' id='word_1_64' title='bbox 541 1121 812 1200; x_wconf 88' lang='lat' dir='ltr'>tionem,</span> <span class='ocrx_word' id='word_1_65' title='bbox 835 1123 1038 1186; x_wconf 90' lang='lat' dir='ltr'>adicit</span> <span class='ocrx_word' id='word_1_66' title='bbox 1065 1147 1078 1186; x_wconf 90' lang='lat'>:</span> <span class='ocrx_word' id='word_1_67' title='bbox 1123 1132 1198 1185; x_wconf 87' lang='lat' dir='ltr'>ut</span> <span class='ocrx_word' id='word_1_68' title='bbox 1225 1123 1480 1186; x_wconf 85' lang='lat' dir='ltr'>discant</span> <span class='ocrx_word' id='word_1_69' title='bbox 1507 1143 1632 1185; x_wconf 87' lang='lat' dir='ltr'>non</span> <span class='ocrx_word' id='word_1_70' title='bbox 1658 1122 2107 1204; x_wconf 73' lang='lat' dir='ltr'>blasphemare.</span> <span class='ocrx_word' id='word_1_71' title='bbox 2170 1143 2303 1186; x_wconf 91' lang='lat' dir='ltr'>non</span> <span class='ocrx_word' id='word_1_72' title='bbox 2328 1132 2402 1185; x_wconf 87' lang='lat' dir='ltr'>ut</span> <span class='ocrx_word' id='word_1_73' title='bbox 2422 1142 2693 1185; x_wconf 88' lang='lat' dir='ltr'>causam</span> <span class='ocrx_word' id='word_1_74' title='bbox 2718 1121 2959 1202; x_wconf 86' lang='lat' dir='ltr'>posuit,</span> 
     </span>
     <span class='ocr_line' id='line_1_10' title="bbox 541 1223 2959 1307; baseline 0 -23"><span class='ocrx_word' id='word_1_75' title='bbox 541 1224 659 1286; x_wconf 92' lang='lat' dir='ltr'>sed</span> <span class='ocrx_word' id='word_1_76' title='bbox 692 1234 1178 1306; x_wconf 86' lang='lat' dir='ltr'>consequenter</span> <span class='ocrx_word' id='word_1_77' title='bbox 1207 1224 1574 1287; x_wconf 88' lang='lat' dir='ltr'>secundum</span> <span class='ocrx_word' id='word_1_78' title='bbox 1607 1245 1799 1288; x_wconf 90' lang='lat' dir='ltr'>suam</span> <span class='ocrx_word' id='word_1_79' title='bbox 1846 1226 2320 1307; x_wconf 88' lang='lat' dir='ltr'>proprietatem</span> <span class='ocrx_word' id='word_1_80' title='bbox 2369 1225 2530 1288; x_wconf 89' lang='lat' dir='ltr'>illud</span> <span class='ocrx_word' id='word_1_81' title='bbox 2563 1234 2666 1287; x_wconf 91' lang='lat' dir='ltr'>est</span> <span class='ocrx_word' id='word_1_82' title='bbox 2696 1223 2959 1286; x_wconf 78' lang='lat' dir='ltr'>abusuS.</span> 
     </span>
     <span class='ocr_line' id='line_1_11' title="bbox 543 1327 2960 1412; baseline -0.001 -22"><span class='ocrx_word' id='word_1_83' title='bbox 543 1327 832 1391; x_wconf 86' lang='lat' dir='ltr'>‘exclusi</span> <span class='ocrx_word' id='word_1_84' title='bbox 889 1328 1156 1412; x_wconf 90' lang='lat' dir='ltr'>(inquit)</span> <span class='ocrx_word' id='word_1_85' title='bbox 1209 1349 1323 1392; x_wconf 92' lang='lat' dir='ltr'>eos</span> <span class='ocrx_word' id='word_1_86' title='bbox 1371 1329 1456 1393; x_wconf 90' lang='lat' dir='ltr'>ab</span> <span class='ocrx_word' id='word_1_87' title='bbox 1510 1329 1803 1405; x_wconf 88' lang='lat' dir='ltr'>ecclesia,</span> <span class='ocrx_word' id='word_1_88' title='bbox 1860 1350 1993 1392; x_wconf 90' lang='lat' dir='ltr'>non</span> <span class='ocrx_word' id='word_1_89' title='bbox 2050 1329 2495 1392; x_wconf 89' lang='lat' dir='ltr'>intercludens</span> <span class='ocrx_word' id='word_1_90' title='bbox 2542 1347 2769 1390; x_wconf 90' lang='lat' dir='ltr'>eorum</span> <span class='ocrx_word' id='word_1_91' title='bbox 2819 1346 2960 1388; x_wconf 89' lang='lat' dir='ltr'>cor-</span> 
     </span>
    </p>
   </div>
   <div class='ocr_carea' id='block_1_4' title="bbox 439 1427 2958 1512">
    <p class='ocr_par' dir='ltr' id='par_1_4' title="bbox 439 1427 2958 1512">
     <span class='ocr_line' id='line_1_12' title="bbox 439 1427 2958 1512; baseline 0.001 -23"><span class='ocrx_word' id='word_1_92' title='bbox 439 1441 519 1490; x_wconf 92' lang='lat'>10</span> <span class='ocrx_word' id='word_1_93' title='bbox 545 1431 928 1507; x_wconf 90' lang='lat' dir='ltr'>rectionem,</span> <span class='ocrx_word' id='word_1_94' title='bbox 961 1431 1078 1493; x_wconf 89' lang='lat' dir='ltr'>sed</span> <span class='ocrx_word' id='word_1_95' title='bbox 1131 1441 1198 1495; x_wconf 90' lang='lat' dir='ltr'>et</span> <span class='ocrx_word' id='word_1_96' title='bbox 1250 1431 1451 1495; x_wconf 90' lang='lat' dir='ltr'>ualde</span> <span class='ocrx_word' id='word_1_97' title='bbox 1502 1432 1568 1494; x_wconf 93' lang='lat' dir='ltr'>id</span> <span class='ocrx_word' id='word_1_98' title='bbox 1620 1431 1761 1494; x_wconf 85' lang='lat' dir='ltr'>fieri</span> <span class='ocrx_word' id='word_1_99' title='bbox 1804 1441 2192 1512; x_wconf 83' lang='lat' dir='ltr'>expectanS,</span> <span class='ocrx_word' id='word_1_100' title='bbox 2229 1431 2282 1494; x_wconf 91' lang='lat' dir='ltr'>si</span> <span class='ocrx_word' id='word_1_101' title='bbox 2324 1451 2460 1512; x_wconf 90' lang='lat' dir='ltr'>quo</span> <span class='ocrx_word' id='word_1_102' title='bbox 2502 1431 2705 1492; x_wconf 90' lang='lat' dir='ltr'>modo</span> <span class='ocrx_word' id='word_1_103' title='bbox 2745 1429 2831 1492; x_wconf 90' lang='lat' dir='ltr'>ab</span> <span class='ocrx_word' id='word_1_104' title='bbox 2863 1427 2958 1492; x_wconf 90' lang='lat' dir='ltr'>in-</span> 
     </span>
    </p>
   </div>
   <div class='ocr_carea' id='block_1_5' title="bbox 542 1533 2957 1616">
    <p class='ocr_par' dir='ltr' id='par_1_5' title="bbox 542 1533 2957 1616">
     <span class='ocr_line' id='line_1_13' title="bbox 542 1533 2957 1616; baseline -0.001 -20"><span class='ocrx_word' id='word_1_105' title='bbox 542 1533 924 1616; x_wconf 89' lang='lat' dir='ltr'>crepatione</span> <span class='ocrx_word' id='word_1_106' title='bbox 978 1533 1282 1597; x_wconf 92' lang='lat' dir='ltr'>meliores</span> <span class='ocrx_word' id='word_1_107' title='bbox 1331 1533 1546 1598; x_wconf 84' lang='lat' dir='ltr'>effecti</span> <span class='ocrx_word' id='word_1_108' title='bbox 1595 1533 1949 1597; x_wconf 88' lang='lat' dir='ltr'>didicerint</span> <span class='ocrx_word' id='word_1_109' title='bbox 1999 1554 2133 1596; x_wconf 90' lang='lat' dir='ltr'>non</span> <span class='ocrx_word' id='word_1_110' title='bbox 2185 1533 2655 1615; x_wconf 89' lang='lat' dir='ltr'>blasphemare</span> <span class='ocrx_word' id='word_1_111' title='bbox 2700 1533 2817 1594; x_wconf 90' lang='lat' dir='ltr'>sed</span> <span class='ocrx_word' id='word_1_112' title='bbox 2862 1551 2957 1594; x_wconf 91' lang='lat' dir='ltr'>re-</span> 
     </span>
    </p>
   </div>
   <div class='ocr_carea' id='block_1_6' title="bbox 541 1635 1320 1700">
    <p class='ocr_par' dir='ltr' id='par_1_6' title="bbox 541 1635 1320 1700">
     <span class='ocr_line' id='line_1_14' title="bbox 541 1635 1320 1700; baseline 0.003 -2"><span class='ocrx_word' id='word_1_113' title='bbox 541 1637 710 1700; x_wconf 89' lang='lat' dir='ltr'>uerti</span> <span class='ocrx_word' id='word_1_114' title='bbox 772 1638 858 1699; x_wconf 89' lang='lat' dir='ltr'>ad</span> <span class='ocrx_word' id='word_1_115' title='bbox 933 1635 1320 1700; x_wconf 91' lang='lat' dir='ltr'>ueritatem.’</span> 
     </span>
    </p>
   </div>
   <div class='ocr_carea' id='block_1_7' title="bbox 1439 1636 2957 1702">
    <p class='ocr_par' dir='ltr' id='par_1_7' title="bbox 1439 1636 2957 1702">
     <span class='ocr_line' id='line_1_15' title="bbox 1439 1636 2957 1702; baseline 0.001 -4"><span class='ocrx_word' id='word_1_116' title='bbox 1439 1636 1534 1699; x_wconf 90' lang='lat' dir='ltr'>sic</span> <span class='ocrx_word' id='word_1_117' title='bbox 1608 1645 1678 1699; x_wconf 91' lang='lat' dir='ltr'>et</span> <span class='ocrx_word' id='word_1_118' title='bbox 1753 1637 2113 1701; x_wconf 90' lang='lat' dir='ltr'>Corinthiis</span> <span class='ocrx_word' id='word_1_119' title='bbox 2174 1638 2467 1700; x_wconf 86' lang='lat' dir='ltr'>scribens</span> <span class='ocrx_word' id='word_1_120' title='bbox 2528 1639 2812 1702; x_wconf 87' lang='lat' dir='ltr'>adiecit:</span> <span class='ocrx_word' id='word_1_121' title='bbox 2886 1637 2957 1700; x_wconf 83' lang='lat' dir='ltr'>in</span> 
     </span>
    </p>
   </div>
   <div class='ocr_carea' id='block_1_8' title="bbox 541 1737 2956 1927">
    <p class='ocr_par' dir='ltr' id='par_1_8' title="bbox 541 1737 2956 1927">
     <span class='ocr_line' id='line_1_16' title="bbox 541 1737 2956 1825; baseline 0.001 -24"><span class='ocrx_word' id='word_1_122' title='bbox 541 1737 874 1803; x_wconf 85' lang='lat' dir='ltr'>interitum</span> <span class='ocrx_word' id='word_1_123' title='bbox 930 1739 1163 1816; x_wconf 84' lang='lat' dir='ltr'>carnis,</span> <span class='ocrx_word' id='word_1_124' title='bbox 1218 1749 1296 1801; x_wconf 86' lang='lat' dir='ltr'>ut</span> <span class='ocrx_word' id='word_1_125' title='bbox 1340 1739 1614 1820; x_wconf 83' lang='lat' dir='ltr'>spiritus</span> <span class='ocrx_word' id='word_1_126' title='bbox 1662 1740 1894 1804; x_wconf 85' lang='lat' dir='ltr'>saluus</span> <span class='ocrx_word' id='word_1_127' title='bbox 1933 1741 2121 1824; x_wconf 87' lang='lat' dir='ltr'>fiat,·</span> <span class='ocrx_word' id='word_1_128' title='bbox 2174 1741 2303 1805; x_wconf 91' lang='lat' dir='ltr'>hoc</span> <span class='ocrx_word' id='word_1_129' title='bbox 2356 1743 2585 1806; x_wconf 92' lang='lat' dir='ltr'>dicens</span> <span class='ocrx_word' id='word_1_130' title='bbox 2638 1742 2956 1825; x_wconf 89' lang='lat' dir='ltr'>quoniam</span> 
     </span>
     <span class='ocr_line' id='line_1_17' title="bbox 542 1842 2954 1927; baseline 0 -22"><span class='ocrx_word' id='word_1_131' title='bbox 542 1844 732 1906; x_wconf 83' lang='lat' dir='ltr'>‘ideo</span> <span class='ocrx_word' id='word_1_132' title='bbox 777 1863 932 1907; x_wconf 88' lang='lat' dir='ltr'>eum</span> <span class='ocrx_word' id='word_1_133' title='bbox 978 1843 1065 1906; x_wconf 89' lang='lat' dir='ltr'>ab</span> <span class='ocrx_word' id='word_1_134' title='bbox 1117 1842 1395 1905; x_wconf 90' lang='lat' dir='ltr'>ecclesia</span> <span class='ocrx_word' id='word_1_135' title='bbox 1442 1843 1719 1924; x_wconf 89' lang='lat' dir='ltr'>reppuli,</span> <span class='ocrx_word' id='word_1_136' title='bbox 1766 1843 1821 1905; x_wconf 93' lang='lat' dir='ltr'>si</span> <span class='ocrx_word' id='word_1_137' title='bbox 1872 1864 2006 1926; x_wconf 90' lang='lat' dir='ltr'>quo</span> <span class='ocrx_word' id='word_1_138' title='bbox 2054 1845 2257 1907; x_wconf 92' lang='lat' dir='ltr'>modo</span> <span class='ocrx_word' id='word_1_139' title='bbox 2302 1865 2423 1926; x_wconf 92' lang='lat' dir='ltr'>per</span> <span class='ocrx_word' id='word_1_140' title='bbox 2473 1844 2954 1927; x_wconf 90' lang='lat' dir='ltr'>poenitentiam</span> 
     </span>
    </p>
   </div>
   <div class='ocr_carea' id='block_1_9' title="bbox 437 1945 2955 2031">
    <p class='ocr_par' dir='ltr' id='par_1_9' title="bbox 437 1945 2955 2031">
     <span class='ocr_line' id='line_1_18' title="bbox 437 1945 2955 2031; baseline -0.003 -16"><span class='ocrx_word' id='word_1_141' title='bbox 437 1963 510 2030; x_wconf 81' lang='lat'>15</span> <span class='ocrx_word' id='word_1_142' title='bbox 543 1950 908 2012; x_wconf 89' lang='lat' dir='ltr'>secundum</span> <span class='ocrx_word' id='word_1_143' title='bbox 970 1956 1390 2030; x_wconf 87' lang='lat' dir='ltr'>praesentem</span> <span class='ocrx_word' id='word_1_144' title='bbox 1455 1949 1666 2010; x_wconf 91' lang='lat' dir='ltr'>uitam</span> <span class='ocrx_word' id='word_1_145' title='bbox 1724 1968 1797 2010; x_wconf 90' lang='lat' dir='ltr'>se</span> <span class='ocrx_word' id='word_1_146' title='bbox 1860 1950 2078 2031; x_wconf 89' lang='lat' dir='ltr'>ipsum</span> <span class='ocrx_word' id='word_1_147' title='bbox 2140 1948 2469 2031; x_wconf 87' lang='lat' dir='ltr'>adfligens</span> <span class='ocrx_word' id='word_1_148' title='bbox 2527 1949 2770 2030; x_wconf 87' lang='lat' dir='ltr'>dignus</span> <span class='ocrx_word' id='word_1_149' title='bbox 2819 1945 2955 2009; x_wconf 88' lang='lat' dir='ltr'>fieri</span> 
     </span>
    </p>
   </div>
   <div class='ocr_carea' id='block_1_10' title="bbox 430 2049 2958 2548">
    <p class='ocr_par' dir='ltr' id='par_1_10' title="bbox 542 2049 2249 2134">
     <span class='ocr_line' id='line_1_19' title="bbox 542 2049 2249 2134; baseline -0.001 -17"><span class='ocrx_word' id='word_1_150' title='bbox 542 2055 862 2130; x_wconf 87' lang='lat' dir='ltr'>uideatur,</span> <span class='ocrx_word' id='word_1_151' title='bbox 894 2060 970 2115; x_wconf 90' lang='lat' dir='ltr'>ut</span> <span class='ocrx_word' id='word_1_152' title='bbox 1010 2049 1299 2114; x_wconf 83' lang='lat' dir='ltr'>futuram</span> <span class='ocrx_word' id='word_1_153' title='bbox 1348 2049 1633 2113; x_wconf 88' lang='lat' dir='ltr'>salutem</span> <span class='ocrx_word' id='word_1_154' title='bbox 1675 2050 1953 2134; x_wconf 88' lang='lat' dir='ltr'>adsequi</span> <span class='ocrx_word' id='word_1_155' title='bbox 2002 2050 2249 2133; x_wconf 90' lang='lat' dir='ltr'>possit.’</span> 
     </span>
    </p>

    <p class='ocr_par' dir='ltr' id='par_1_11' title="bbox 430 2153 2958 2548">
     <span class='ocr_line' id='line_1_20' title="bbox 671 2153 2958 2238; baseline -0.001 -20"><span class='ocrx_word' id='word_1_156' title='bbox 671 2155 1011 2238; x_wconf 86' lang='lat' dir='ltr'>hucusque</span> <span class='ocrx_word' id='word_1_157' title='bbox 1042 2155 1270 2218; x_wconf 88' lang='lat' dir='ltr'>dicens</span> <span class='ocrx_word' id='word_1_158' title='bbox 1303 2154 1415 2216; x_wconf 89' lang='lat' dir='ltr'>illa</span> <span class='ocrx_word' id='word_1_159' title='bbox 1439 2174 1610 2237; x_wconf 88' lang='lat' dir='ltr'>quae</span> <span class='ocrx_word' id='word_1_160' title='bbox 1638 2156 2003 2218; x_wconf 90' lang='lat' dir='ltr'>secundum</span> <span class='ocrx_word' id='word_1_161' title='bbox 2037 2166 2455 2238; x_wconf 88' lang='lat' dir='ltr'>praesentem</span> <span class='ocrx_word' id='word_1_162' title='bbox 2490 2157 2697 2219; x_wconf 90' lang='lat' dir='ltr'>uitam</span> <span class='ocrx_word' id='word_1_163' title='bbox 2730 2153 2958 2218; x_wconf 91' lang='lat' dir='ltr'>multis</span> 
     </span>
     <span class='ocr_line' id='line_1_21' title="bbox 541 2257 2957 2340; baseline -0.001 -17"><span class='ocrx_word' id='word_1_164' title='bbox 541 2259 909 2323; x_wconf 88' lang='lat' dir='ltr'>necessaria</span> <span class='ocrx_word' id='word_1_165' title='bbox 941 2278 1084 2321; x_wconf 88' lang='lat' dir='ltr'>esse</span> <span class='ocrx_word' id='word_1_166' title='bbox 1115 2257 1199 2320; x_wconf 91' lang='lat' dir='ltr'>ad</span> <span class='ocrx_word' id='word_1_167' title='bbox 1234 2258 1630 2338; x_wconf 87' lang='lat' dir='ltr'>dogmatum</span> <span class='ocrx_word' id='word_1_168' title='bbox 1671 2257 2107 2320; x_wconf 89' lang='lat' dir='ltr'>existimabat</span> <span class='ocrx_word' id='word_1_169' title='bbox 2137 2258 2487 2334; x_wconf 87' lang='lat' dir='ltr'>cautelam,</span> <span class='ocrx_word' id='word_1_170' title='bbox 2522 2260 2755 2340; x_wconf 87' lang='lat' dir='ltr'>incipit</span> <span class='ocrx_word' id='word_1_171' title='bbox 2790 2258 2957 2321; x_wconf 91' lang='lat' dir='ltr'>ulte-</span> 
     </span>
     <span class='ocr_line' id='line_1_22' title="bbox 540 2360 2957 2442; baseline -0 -17"><span class='ocrx_word' id='word_1_172' title='bbox 540 2364 674 2426; x_wconf 85' lang='lat' dir='ltr'>rius</span> <span class='ocrx_word' id='word_1_173' title='bbox 726 2362 812 2425; x_wconf 91' lang='lat' dir='ltr'>de</span> <span class='ocrx_word' id='word_1_174' title='bbox 865 2361 1266 2424; x_wconf 86' lang='lat' dir='ltr'>illis&#39;dicere</span> <span class='ocrx_word' id='word_1_175' title='bbox 1318 2380 1491 2441; x_wconf 92' lang='lat' dir='ltr'>quae</span> <span class='ocrx_word' id='word_1_176' title='bbox 1551 2360 1637 2422; x_wconf 90' lang='lat' dir='ltr'>ad</span> <span class='ocrx_word' id='word_1_177' title='bbox 1700 2369 2169 2422; x_wconf 87' lang='lat' dir='ltr'>ornamentum</span> <span class='ocrx_word' id='word_1_178' title='bbox 2222 2379 2578 2423; x_wconf 89' lang='lat' dir='ltr'>commune</span> <span class='ocrx_word' id='word_1_179' title='bbox 2630 2362 2957 2442; x_wconf 88' lang='lat' dir='ltr'>pertinere</span> 
     </span>
     <span class='ocr_line' id='line_1_23' title="bbox 430 2462 2955 2548; baseline -0.002 -16"><span class='ocrx_word' id='word_1_180' title='bbox 430 2483 515 2532; x_wconf 87' lang='lat'>20</span> <span class='ocrx_word' id='word_1_181' title='bbox 542 2467 956 2545; x_wconf 87' lang='lat' dir='ltr'>uidebantur,</span> <span class='ocrx_word' id='word_1_182' title='bbox 1007 2474 1076 2530; x_wconf 93' lang='lat' dir='ltr'>et</span> <span class='ocrx_word' id='word_1_183' title='bbox 1127 2465 1213 2529; x_wconf 90' lang='lat' dir='ltr'>de</span> <span class='ocrx_word' id='word_1_184' title='bbox 1261 2465 1390 2529; x_wconf 91' lang='lat' dir='ltr'>illis</span> <span class='ocrx_word' id='word_1_185' title='bbox 1442 2485 1614 2548; x_wconf 90' lang='lat' dir='ltr'>quae</span> <span class='ocrx_word' id='word_1_186' title='bbox 1668 2462 1916 2527; x_wconf 90' lang='lat' dir='ltr'>debent</span> <span class='ocrx_word' id='word_1_187' title='bbox 1968 2466 2337 2530; x_wconf 89' lang='lat' dir='ltr'>necessarie</span> <span class='ocrx_word' id='word_1_188' title='bbox 2391 2465 2457 2527; x_wconf 90' lang='lat' dir='ltr'>in</span> <span class='ocrx_word' id='word_1_189' title='bbox 2507 2465 2787 2529; x_wconf 89' lang='lat' dir='ltr'>ecclesia</span> <span class='ocrx_word' id='word_1_190' title='bbox 2835 2465 2955 2528; x_wconf 91' lang='lat' dir='ltr'>im-</span> 
     </span>
    </p>
   </div>
   <div class='ocr_carea' id='block_1_11' title="bbox 538 2636 2468 2865">
    <p class='ocr_par' dir='ltr' id='par_1_12' title="bbox 538 2636 2468 2865">
     <span class='ocr_line' id='line_1_24' title="bbox 638 2636 2448 2703; baseline -0.002 -14"><span class='ocrx_word' id='word_1_191' title='bbox 638 2654 667 2703; x_wconf 81' lang='lat'><strong>3</strong></span> <span class='ocrx_word' id='word_1_192' title='bbox 713 2645 1010 2703; x_wconf 85' lang='lat' dir='ltr'>potestatem</span> <span class='ocrx_word' id='word_1_193' title='bbox 1050 2638 1200 2703; x_wconf 88' lang='lat' dir='ltr'>positi</span> <span class='ocrx_word' id='word_1_194' title='bbox 1241 2638 1311 2688; x_wconf 77' lang='lat' dir='ltr'>C*</span> <span class='ocrx_word' id='word_1_195' title='bbox 1394 2636 1545 2702; x_wconf 80' lang='lat' dir='ltr'>positi</span> <span class='ocrx_word' id='word_1_196' title='bbox 1589 2642 1837 2701; x_wconf 85' lang='lat' dir='ltr'>potestate</span> <span class='ocrx_word' id='word_1_197' title='bbox 1876 2652 1937 2685; x_wconf 84' lang='lat' dir='ltr'>r:</span> <span class='ocrx_word' id='word_1_198' title='bbox 1982 2642 2067 2684; x_wconf 79' lang='lat' dir='ltr'>txt</span> <span class='ocrx_word' id='word_1_199' title='bbox 2106 2636 2151 2685; x_wconf 89' lang='lat' dir='ltr'><em>C</em></span> <span class='ocrx_word' id='word_1_200' title='bbox 2189 2636 2339 2696; x_wconf 85' lang='lat' dir='ltr'>(corr)</span> <span class='ocrx_word' id='word_1_201' title='bbox 2383 2637 2448 2685; x_wconf 87' lang='lat' dir='ltr'><em>H</em></span> 
     </span>
     <span class='ocr_line' id='line_1_25' title="bbox 538 2715 2468 2785; baseline -0.001 -16"><span class='ocrx_word' id='word_1_202' title='bbox 538 2719 571 2770; x_wconf 91' lang='lat'><strong>6</strong></span> <span class='ocrx_word' id='word_1_203' title='bbox 605 2720 848 2783; x_wconf 84' lang='lat' dir='ltr'>quosdam</span> <span class='ocrx_word' id='word_1_204' title='bbox 883 2720 994 2785; x_wconf 85' lang='lat' dir='ltr'>(for</span> <span class='ocrx_word' id='word_1_205' title='bbox 1026 2718 1262 2784; x_wconf 83' lang='lat' dir='ltr'>quadam)</span> <span class='ocrx_word' id='word_1_206' title='bbox 1293 2720 1337 2769; x_wconf 91' lang='lat' dir='ltr'><em>C</em></span> <span class='ocrx_word' id='word_1_207' title='bbox 1348 2718 1375 2744; x_wconf 77' lang='lat'>⁴*</span> <span class='ocrx_word' id='word_1_208' title='bbox 1394 2720 1460 2768; x_wconf 79' lang='lat' dir='ltr'><em>H</em></span> <span class='ocrx_word' id='word_1_209' title='bbox 1507 2718 1727 2783; x_wconf 85' lang='lat' dir='ltr'>quodam</span> <span class='ocrx_word' id='word_1_210' title='bbox 1756 2719 1799 2767; x_wconf 89' lang='lat' dir='ltr'><strong><em>C</em></strong></span> <span class='ocrx_word' id='word_1_211' title='bbox 1818 2716 1997 2781; x_wconf 75' lang='lat' dir='ltr'>(corr):</span> <span class='ocrx_word' id='word_1_212' title='bbox 2040 2724 2123 2765; x_wconf 78' lang='lat' dir='ltr'>txt</span> <span class='ocrx_word' id='word_1_213' title='bbox 2154 2733 2185 2765; x_wconf 85' lang='lat' dir='ltr'>r</span> <span class='ocrx_word' id='word_1_214' title='bbox 2210 2715 2219 2781; x_wconf 89' lang='grc' dir='ltr'>Ι</span> <span class='ocrx_word' id='word_1_215' title='bbox 2247 2717 2403 2767; x_wconf 87' lang='lat' dir='ltr'>nollet</span> <span class='ocrx_word' id='word_1_216' title='bbox 2436 2733 2468 2766; x_wconf 85' lang='lat' dir='ltr'>r</span> 
     </span>
     <span class='ocr_line' id='line_1_26' title="bbox 955 2800 1746 2865; baseline -0.003 -16"><span class='ocrx_word' id='word_1_217' title='bbox 955 2816 1008 2850; x_wconf 77' lang='grc' dir='ltr'>ιι</span> <span class='ocrx_word' id='word_1_218' title='bbox 1045 2802 1120 2849; x_wconf 90' lang='lat' dir='ltr'>sui</span> <span class='ocrx_word' id='word_1_219' title='bbox 1156 2800 1253 2865; x_wconf 73' lang='lat' dir='ltr'>(ast</span> <span class='ocrx_word' id='word_1_220' title='bbox 1289 2800 1540 2861; x_wconf 88' lang='lat' dir='ltr'>meliores)</span> <span class='ocrx_word' id='word_1_221' title='bbox 1579 2800 1685 2849; x_wconf 84' lang='lat' dir='ltr'>add</span> <span class='ocrx_word' id='word_1_222' title='bbox 1714 2815 1746 2847; x_wconf 86' lang='lat' dir='ltr'>r</span> 
     </span>
    </p>
   </div>
   <div class='ocr_carea' id='block_1_12' title="bbox 539 2818 724 2853">
    <p class='ocr_par' dir='ltr' id='par_1_13' title="bbox 539 2818 724 2853">
     <span class='ocr_line' id='line_1_27' title="bbox 539 2818 724 2853; baseline 0 -2"><span class='ocrx_word' id='word_1_223' title='bbox 539 2818 656 2853; x_wconf 75' lang='lat' dir='ltr'>usus</span> <span class='ocrx_word' id='word_1_224' title='bbox 691 2818 724 2851; x_wconf 71' lang='grc' dir='ltr'><em>Υ</em></span> 
     </span>
    </p>
   </div>
   <div class='ocr_carea' id='block_1_13' title="bbox 547 2882 1453 2945">
    <p class='ocr_par' dir='ltr' id='par_1_14' title="bbox 547 2882 1453 2945">
     <span class='ocr_line' id='line_1_28' title="bbox 547 2882 1453 2945; baseline -0.002 -13"><span class='ocrx_word' id='word_1_225' title='bbox 547 2896 602 2945; x_wconf 79' lang='lat'>17</span> <span class='ocrx_word' id='word_1_226' title='bbox 637 2882 777 2932; x_wconf 86' lang='lat' dir='ltr'>illam</span> <span class='ocrx_word' id='word_1_227' title='bbox 800 2899 832 2931; x_wconf 86' lang='lat' dir='ltr'>r</span> <span class='ocrx_word' id='word_1_228' title='bbox 1027 2895 1090 2932; x_wconf 72' lang='grc' dir='ltr'>ἰο</span> <span class='ocrx_word' id='word_1_229' title='bbox 1121 2882 1398 2932; x_wconf 86' lang='lat' dir='ltr'>necessario</span> <span class='ocrx_word' id='word_1_230' title='bbox 1422 2898 1453 2930; x_wconf 85' lang='lat' dir='ltr'>r</span> 
     </span>
    </p>
   </div>
   <div class='ocr_carea' id='block_1_14' title="bbox 518 3026 1703 4455">
    <p class='ocr_par' dir='ltr' id='par_1_15' title="bbox 518 3026 1703 4455">
     <span class='ocr_line' id='line_1_29' title="bbox 609 3026 1689 3088; baseline 0 -13"><span class='ocrx_word' id='word_1_231' title='bbox 609 3041 655 3075; x_wconf 76' lang='lat'>1..</span> <span class='ocrx_word' id='word_1_232' title='bbox 728 3026 1005 3076; x_wconf 52' lang='lat' dir='ltr'>Corinthiae</span> <span class='ocrx_word' id='word_1_233' title='bbox 1034 3026 1268 3087; x_wconf 69' lang='lat' dir='ltr'>scribens]</span> <span class='ocrx_word' id='word_1_234' title='bbox 1341 3042 1361 3075; x_wconf 92' lang='lat'>1</span> <span class='ocrx_word' id='word_1_235' title='bbox 1396 3026 1512 3076; x_wconf 85' lang='lat' dir='ltr'>Cor.</span> <span class='ocrx_word' id='word_1_236' title='bbox 1551 3042 1598 3073; x_wconf 82' lang='lat' dir='ltr'>v.</span> <span class='ocrx_word' id='word_1_237' title='bbox 1644 3038 1689 3088; x_wconf 81' lang='lat'>5.</span> 
     </span>
     <span class='ocr_line' id='line_1_30' title="bbox 542 3106 1702 3158; baseline -0.002 -1"><span class='ocrx_word' id='word_1_238' title='bbox 542 3106 653 3157; x_wconf 81' lang='lat' dir='ltr'>The</span> <span class='ocrx_word' id='word_1_239' title='bbox 677 3107 826 3156; x_wconf 74' lang='lat' dir='ltr'>Latin</span> <span class='ocrx_word' id='word_1_240' title='bbox 848 3108 1071 3157; x_wconf 82' lang='lat' dir='ltr'>versions</span> <span class='ocrx_word' id='word_1_241' title='bbox 1099 3108 1228 3158; x_wconf 85' lang='lat' dir='ltr'>have</span> <span class='ocrx_word' id='word_1_242' title='bbox 1269 3108 1563 3157; x_wconf 88' lang='lat' dir='ltr'>“eiusmodi</span> <span class='ocrx_word' id='word_1_243' title='bbox 1580 3106 1608 3128; x_wconf 92' lang='grc'>”</span> <span class='ocrx_word' id='word_1_244' title='bbox 1644 3122 1702 3155; x_wconf 87' lang='grc' dir='ltr'>οι·</span> 
     </span>
     <span class='ocr_line' id='line_1_31' title="bbox 545 3188 1701 3254; baseline -0.001 -16"><span class='ocrx_word' id='word_1_245' title='bbox 545 3188 935 3238; x_wconf 57' lang='lat' dir='ltr'>“huiusmodi”</span> <span class='ocrx_word' id='word_1_246' title='bbox 1003 3190 1106 3240; x_wconf 82' lang='lat' dir='ltr'>For</span> <span class='ocrx_word' id='word_1_247' title='bbox 1140 3190 1227 3239; x_wconf 90' lang='lat' dir='ltr'>the</span> <span class='ocrx_word' id='word_1_248' title='bbox 1259 3190 1485 3254; x_wconf 77' lang='lat' dir='ltr'>exegesis</span> <span class='ocrx_word' id='word_1_249' title='bbox 1515 3189 1574 3239; x_wconf 85' lang='lat' dir='ltr'>of</span> <span class='ocrx_word' id='word_1_250' title='bbox 1599 3189 1701 3238; x_wconf 86' lang='lat' dir='ltr'>this</span> 
     </span>
     <span class='ocr_line' id='line_1_32' title="bbox 541 3267 1702 3336; baseline -0.003 -15"><span class='ocrx_word' id='word_1_251' title='bbox 541 3286 766 3336; x_wconf 76' lang='lat' dir='ltr'>passage,</span> <span class='ocrx_word' id='word_1_252' title='bbox 793 3272 857 3321; x_wconf 81' lang='lat' dir='ltr'>cs.</span> <span class='ocrx_word' id='word_1_253' title='bbox 892 3270 1046 3321; x_wconf 87' lang='lat' dir='ltr'>Thdt.</span> <span class='ocrx_word' id='word_1_254' title='bbox 1089 3271 1160 3319; x_wconf 87' lang='lat' dir='ltr'>ad</span> <span class='ocrx_word' id='word_1_255' title='bbox 1185 3271 1245 3319; x_wconf 77' lang='lat' dir='ltr'>L:</span> <span class='ocrx_word' id='word_1_256' title='bbox 1281 3274 1382 3321; x_wconf 82' lang='grc' dir='ltr'>τοῖς</span> <span class='ocrx_word' id='word_1_257' title='bbox 1418 3267 1702 3335; x_wconf 68' lang='grc' dir='ltr'>οἱφοριζομέ·</span> 
     </span>
     <span class='ocr_line' id='line_1_33' title="bbox 541 3349 1699 3413; baseline -0.004 -10"><span class='ocrx_word' id='word_1_258' title='bbox 541 3372 639 3403; x_wconf 88' lang='grc' dir='ltr'>νοις</span> <span class='ocrx_word' id='word_1_259' title='bbox 659 3356 738 3402; x_wconf 74' lang='grc' dir='ltr'>καὶ</span> <span class='ocrx_word' id='word_1_260' title='bbox 769 3349 858 3403; x_wconf 75' lang='grc' dir='ltr'>τοῦ</span> <span class='ocrx_word' id='word_1_261' title='bbox 879 3354 1282 3412; x_wconf 79' lang='grc' dir='ltr'>ἐκκλησιαστικοῢ</span> <span class='ocrx_word' id='word_1_262' title='bbox 1309 3353 1532 3411; x_wconf 82' lang='grc' dir='ltr'>σώματος</span> <span class='ocrx_word' id='word_1_263' title='bbox 1554 3368 1699 3413; x_wconf 84' lang='grc' dir='ltr'>χωρι-</span> 
     </span>
     <span class='ocr_line' id='line_1_34' title="bbox 543 3433 1701 3497; baseline -0.002 -13"><span class='ocrx_word' id='word_1_264' title='bbox 543 3436 747 3495; x_wconf 64' lang='grc' dir='ltr'>ζόμενοις</span> <span class='ocrx_word' id='word_1_265' title='bbox 765 3436 948 3484; x_wconf 75' lang='grc' dir='ltr'>ἔπεισιν</span> <span class='ocrx_word' id='word_1_266' title='bbox 966 3433 991 3483; x_wconf 89' lang='lat' dir='ltr'>o&#39;</span> <span class='ocrx_word' id='word_1_267' title='bbox 1005 3433 1235 3497; x_wconf 73' lang='grc' dir='ltr'>διάβολος,</span> <span class='ocrx_word' id='word_1_268' title='bbox 1255 3433 1454 3495; x_wconf 72' lang='grc' dir='ltr'>ἐρήμους</span> <span class='ocrx_word' id='word_1_269' title='bbox 1471 3435 1701 3497; x_wconf 79' lang='grc' dir='ltr'>εὑρίσκων</span> 
     </span>
     <span class='ocr_line' id='line_1_35' title="bbox 541 3512 1697 3582; baseline 0.002 -19"><span class='ocrx_word' id='word_1_270' title='bbox 541 3512 627 3575; x_wconf 75' lang='grc' dir='ltr'>τῆς</span> <span class='ocrx_word' id='word_1_271' title='bbox 649 3514 856 3579; x_wconf 76' lang='grc' dir='ltr'>χάριτος.</span> <span class='ocrx_word' id='word_1_272' title='bbox 897 3516 1018 3565; x_wconf 83' lang='lat' dir='ltr'>And</span> <span class='ocrx_word' id='word_1_273' title='bbox 1031 3516 1128 3565; x_wconf 82' lang='lat' dir='ltr'>Th.</span> <span class='ocrx_word' id='word_1_274' title='bbox 1147 3515 1354 3565; x_wconf 80' lang='lat' dir='ltr'>himself</span> <span class='ocrx_word' id='word_1_275' title='bbox 1376 3515 1483 3577; x_wconf 90' lang='lat' dir='ltr'>[Cr.</span> <span class='ocrx_word' id='word_1_276' title='bbox 1507 3526 1559 3564; x_wconf 81' lang='lat' dir='ltr'>V.</span> <span class='ocrx_word' id='word_1_277' title='bbox 1589 3515 1697 3582; x_wconf 76' lang='lat'><strong>921:</strong></span> 
     </span>
     <span class='ocr_line' id='line_1_36' title="bbox 541 3592 1697 3660; baseline -0.002 -14"><span class='ocrx_word' id='word_1_278' title='bbox 541 3596 600 3646; x_wconf 85' lang='grc' dir='ltr'>τὸ</span> <span class='ocrx_word' id='word_1_279' title='bbox 620 3598 708 3657; x_wconf 80' lang='grc' dir='ltr'>μὲν</span> <span class='ocrx_word' id='word_1_280' title='bbox 724 3592 1022 3660; x_wconf 78' lang='grc' dir='ltr'>παραδοῦναι</span> <span class='ocrx_word' id='word_1_281' title='bbox 1043 3592 1116 3657; x_wconf 72' lang='grc' dir='ltr'>τῷ</span> <span class='ocrx_word' id='word_1_282' title='bbox 1127 3598 1184 3647; x_wconf 86' lang='grc' dir='ltr'>Σ.</span> <span class='ocrx_word' id='word_1_283' title='bbox 1213 3594 1306 3657; x_wconf 81' lang='grc' dir='ltr'>οὐχ</span> <span class='ocrx_word' id='word_1_284' title='bbox 1323 3597 1384 3646; x_wconf 83' lang='grc' dir='ltr'>ὡς</span> <span class='ocrx_word' id='word_1_285' title='bbox 1398 3593 1539 3647; x_wconf 69' lang='grc' dir='ltr'>αὐτὸς</span> <span class='ocrx_word' id='word_1_286' title='bbox 1554 3600 1697 3645; x_wconf 84' lang='grc' dir='ltr'>τοῦτο</span> 
     </span>
     <span class='ocr_line' id='line_1_37' title="bbox 540 3675 1699 3741; baseline 0 -16"><span class='ocrx_word' id='word_1_287' title='bbox 540 3677 773 3741; x_wconf 69' lang='grc' dir='ltr'>’γενέσθαι</span> <span class='ocrx_word' id='word_1_288' title='bbox 804 3676 972 3739; x_wconf 69' lang='grc' dir='ltr'>ὁρίζων</span> <span class='ocrx_word' id='word_1_289' title='bbox 1000 3678 1150 3734; x_wconf 74' lang='grc' dir='ltr'>εἶπεν,</span> <span class='ocrx_word' id='word_1_290' title='bbox 1175 3675 1295 3725; x_wconf 71' lang='grc' dir='ltr'>ἀλλ’</span> <span class='ocrx_word' id='word_1_291' title='bbox 1332 3676 1392 3727; x_wconf 77' lang='grc' dir='ltr'>ὡς</span> <span class='ocrx_word' id='word_1_292' title='bbox 1417 3675 1476 3726; x_wconf 71' lang='grc' dir='ltr'>ἄν</span> <span class='ocrx_word' id='word_1_293' title='bbox 1505 3675 1576 3740; x_wconf 74' lang='grc' dir='ltr'>τῷ</span> <span class='ocrx_word' id='word_1_294' title='bbox 1611 3675 1699 3737; x_wconf 77' lang='grc' dir='ltr'>τῆς</span> 
     </span>
     <span class='ocr_line' id='line_1_38' title="bbox 541 3754 1699 3820; baseline -0.001 -12"><span class='ocrx_word' id='word_1_295' title='bbox 541 3759 796 3820; x_wconf 71' lang='grc' dir='ltr'>ἐκκλησίας</span> <span class='ocrx_word' id='word_1_296' title='bbox 818 3758 1073 3819; x_wconf 74' lang='grc' dir='ltr'>ἐξεωθῆναι</span> <span class='ocrx_word' id='word_1_297' title='bbox 1099 3754 1178 3807; x_wconf 75' lang='grc' dir='ltr'>διὰ</span> <span class='ocrx_word' id='word_1_298' title='bbox 1197 3758 1284 3817; x_wconf 82' lang='grc' dir='ltr'>τῆς</span> <span class='ocrx_word' id='word_1_299' title='bbox 1307 3759 1392 3807; x_wconf 84' lang='grc' dir='ltr'>τοῦ</span> <span class='ocrx_word' id='word_1_300' title='bbox 1415 3758 1525 3808; x_wconf 70' lang='grc' dir='ltr'>θεοῦ</span> <span class='ocrx_word' id='word_1_301' title='bbox 1549 3760 1699 3807; x_wconf 72' lang='grc' dir='ltr'>ἀλλο-</span> 
     </span>
     <span class='ocr_line' id='line_1_39' title="bbox 540 3835 1698 3903; baseline -0.001 -14"><span class='ocrx_word' id='word_1_302' title='bbox 540 3840 773 3903; x_wconf 71' lang='grc' dir='ltr'>τριώσεως</span> <span class='ocrx_word' id='word_1_303' title='bbox 790 3837 884 3888; x_wconf 77' lang='grc' dir='ltr'>ὑπὸ</span> <span class='ocrx_word' id='word_1_304' title='bbox 901 3835 989 3897; x_wconf 77' lang='grc' dir='ltr'>τὴν</span> <span class='ocrx_word' id='word_1_305' title='bbox 1009 3838 1102 3887; x_wconf 77' lang='grc' dir='ltr'>τοιΐ</span> <span class='ocrx_word' id='word_1_306' title='bbox 1125 3840 1182 3886; x_wconf 83' lang='grc' dir='ltr'>Σ.</span> <span class='ocrx_word' id='word_1_307' title='bbox 1201 3836 1460 3901; x_wconf 74' lang='grc' dir='ltr'>’γενόμενον</span> <span class='ocrx_word' id='word_1_308' title='bbox 1480 3838 1698 3901; x_wconf 69' lang='grc' dir='ltr'>[γενομέο</span> 
     </span>
     <span class='ocr_line' id='line_1_40' title="bbox 541 3920 1697 3982; baseline -0.001 -10"><span class='ocrx_word' id='word_1_309' title='bbox 541 3940 625 3982; x_wconf 73' lang='grc' dir='ltr'>νην</span> <span class='ocrx_word' id='word_1_310' title='bbox 655 3921 764 3982; x_wconf 69' lang='grc' dir='ltr'>(ῖς-1</span> <span class='ocrx_word' id='word_1_311' title='bbox 790 3922 1024 3980; x_wconf 74' lang='grc' dir='ltr'>ἐξουσίαν.</span> <span class='ocrx_word' id='word_1_312' title='bbox 1099 3920 1194 3971; x_wconf 93' lang='lat' dir='ltr'>See</span> <span class='ocrx_word' id='word_1_313' title='bbox 1209 3935 1346 3969; x_wconf 89' lang='lat' dir='ltr'>more</span> <span class='ocrx_word' id='word_1_314' title='bbox 1359 3936 1430 3970; x_wconf 87' lang='lat' dir='ltr'>on</span> <span class='ocrx_word' id='word_1_315' title='bbox 1460 3921 1573 3970; x_wconf 81' lang='lat' dir='ltr'>Gal.</span> <span class='ocrx_word' id='word_1_316' title='bbox 1605 3922 1641 3970; x_wconf 87' lang='lat' dir='ltr'>i.</span> <span class='ocrx_word' id='word_1_317' title='bbox 1668 3925 1697 3971; x_wconf 93' lang='lat'>8</span> 
     </span>
     <span class='ocr_line' id='line_1_41' title="bbox 540 3998 1698 4070; baseline -0.001 -19"><span class='ocrx_word' id='word_1_318' title='bbox 540 4005 601 4063; x_wconf 91' lang='lat'>(1.</span> <span class='ocrx_word' id='word_1_319' title='bbox 634 4018 685 4066; x_wconf 92' lang='lat' dir='ltr'>p.</span> <span class='ocrx_word' id='word_1_320' title='bbox 723 4015 798 4056; x_wconf 84' lang='lat'>11,</span> <span class='ocrx_word' id='word_1_321' title='bbox 823 4003 855 4050; x_wconf 91' lang='lat' dir='ltr'>l.</span> <span class='ocrx_word' id='word_1_322' title='bbox 881 4017 928 4070; x_wconf 90' lang='lat'>9,</span> <span class='ocrx_word' id='word_1_323' title='bbox 955 3998 1111 4063; x_wconf 87' lang='lat' dir='ltr'>note).</span> <span class='ocrx_word' id='word_1_324' title='bbox 1179 4001 1344 4050; x_wconf 86' lang='lat' dir='ltr'>There</span> <span class='ocrx_word' id='word_1_325' title='bbox 1379 4001 1421 4051; x_wconf 86' lang='lat' dir='ltr'>is</span> <span class='ocrx_word' id='word_1_326' title='bbox 1444 4018 1474 4051; x_wconf 80' lang='lat' dir='ltr'>a</span> <span class='ocrx_word' id='word_1_327' title='bbox 1511 4001 1698 4051; x_wconf 86' lang='lat' dir='ltr'>melan-</span> 
     </span>
     <span class='ocr_line' id='line_1_42' title="bbox 539 4079 1701 4145; baseline 0 -15"><span class='ocrx_word' id='word_1_328' title='bbox 539 4082 690 4145; x_wconf 86' lang='lat' dir='ltr'>choly</span> <span class='ocrx_word' id='word_1_329' title='bbox 725 4080 930 4130; x_wconf 77' lang='lat' dir='ltr'>interest</span> <span class='ocrx_word' id='word_1_330' title='bbox 959 4082 1010 4127; x_wconf 88' lang='lat' dir='ltr'>in</span> <span class='ocrx_word' id='word_1_331' title='bbox 1034 4079 1214 4143; x_wconf 84' lang='lat' dir='ltr'>noting</span> <span class='ocrx_word' id='word_1_332' title='bbox 1235 4079 1343 4129; x_wconf 83' lang='lat' dir='ltr'>that</span> <span class='ocrx_word' id='word_1_333' title='bbox 1373 4095 1431 4129; x_wconf 89' lang='lat' dir='ltr'>so</span> <span class='ocrx_word' id='word_1_334' title='bbox 1463 4088 1639 4145; x_wconf 84' lang='lat' dir='ltr'>strong</span> <span class='ocrx_word' id='word_1_335' title='bbox 1670 4098 1701 4130; x_wconf 83' lang='lat' dir='ltr'>a</span> 
     </span>
     <span class='ocr_line' id='line_1_43' title="bbox 538 4160 1700 4212; baseline -0.001 0"><span class='ocrx_word' id='word_1_336' title='bbox 538 4164 668 4212; x_wconf 80' lang='lat' dir='ltr'>view</span> <span class='ocrx_word' id='word_1_337' title='bbox 712 4161 770 4210; x_wconf 86' lang='lat' dir='ltr'>of</span> <span class='ocrx_word' id='word_1_338' title='bbox 801 4160 888 4210; x_wconf 85' lang='lat' dir='ltr'>the</span> <span class='ocrx_word' id='word_1_339' title='bbox 925 4160 1094 4209; x_wconf 82' lang='lat' dir='ltr'>effects</span> <span class='ocrx_word' id='word_1_340' title='bbox 1131 4160 1189 4209; x_wconf 78' lang='lat' dir='ltr'>of</span> <span class='ocrx_word' id='word_1_341' title='bbox 1216 4162 1700 4211; x_wconf 83' lang='lat' dir='ltr'>excommunication</span> 
     </span>
     <span class='ocr_line' id='line_1_44' title="bbox 518 4240 1698 4305; baseline 0.001 -13"><span class='ocrx_word' id='word_1_342' title='bbox 518 4258 643 4292; x_wconf 78' lang='lat' dir='ltr'>-was</span> <span class='ocrx_word' id='word_1_343' title='bbox 665 4242 818 4291; x_wconf 87' lang='lat' dir='ltr'>taken</span> <span class='ocrx_word' id='word_1_344' title='bbox 835 4242 903 4305; x_wconf 83' lang='lat' dir='ltr'>by</span> <span class='ocrx_word' id='word_1_345' title='bbox 931 4256 1028 4290; x_wconf 89' lang='lat' dir='ltr'>one</span> <span class='ocrx_word' id='word_1_346' title='bbox 1057 4240 1174 4291; x_wconf 86' lang='lat' dir='ltr'>who</span> <span class='ocrx_word' id='word_1_347' title='bbox 1197 4258 1299 4291; x_wconf 79' lang='lat' dir='ltr'>was</span> <span class='ocrx_word' id='word_1_348' title='bbox 1321 4242 1546 4291; x_wconf 84' lang='lat' dir='ltr'>destined</span> <span class='ocrx_word' id='word_1_349' title='bbox 1571 4242 1698 4293; x_wconf 87' lang='lat' dir='ltr'>him·</span> 
     </span>
     <span class='ocr_line' id='line_1_45' title="bbox 540 4322 1697 4376; baseline 0 -3"><span class='ocrx_word' id='word_1_350' title='bbox 540 4324 639 4375; x_wconf 79' lang='lat' dir='ltr'>sels</span> <span class='ocrx_word' id='word_1_351' title='bbox 672 4332 722 4373; x_wconf 88' lang='lat' dir='ltr'>to</span> <span class='ocrx_word' id='word_1_352' title='bbox 755 4324 842 4373; x_wconf 87' lang='lat' dir='ltr'>fall</span> <span class='ocrx_word' id='word_1_353' title='bbox 881 4323 1039 4373; x_wconf 85' lang='lat' dir='ltr'>under</span> <span class='ocrx_word' id='word_1_354' title='bbox 1074 4322 1160 4373; x_wconf 89' lang='lat' dir='ltr'>the</span> <span class='ocrx_word' id='word_1_355' title='bbox 1191 4322 1436 4373; x_wconf 79' lang='lat' dir='ltr'>Church&#39;s</span> <span class='ocrx_word' id='word_1_356' title='bbox 1473 4339 1697 4376; x_wconf 86' lang='lat' dir='ltr'>censure.</span> 
     </span>
     <span class='ocr_line' id='line_1_46' title="bbox 521 4403 1703 4455; baseline 0 -1"><span class='ocrx_word' id='word_1_357' title='bbox 521 4406 638 4454; x_wconf 80' lang='lat' dir='ltr'>&#39;But</span> <span class='ocrx_word' id='word_1_358' title='bbox 669 4404 708 4453; x_wconf 82' lang='lat' dir='ltr'>it</span> <span class='ocrx_word' id='word_1_359' title='bbox 743 4404 784 4453; x_wconf 83' lang='lat' dir='ltr'>is</span> <span class='ocrx_word' id='word_1_360' title='bbox 807 4403 864 4451; x_wconf 79' lang='lat' dir='ltr'>of</span> <span class='ocrx_word' id='word_1_361' title='bbox 897 4404 981 4453; x_wconf 85' lang='lat' dir='ltr'>the</span> <span class='ocrx_word' id='word_1_362' title='bbox 1012 4404 1495 4453; x_wconf 81' lang='lat' dir='ltr'>excommunication</span> <span class='ocrx_word' id='word_1_363' title='bbox 1530 4404 1588 4454; x_wconf 89' lang='lat' dir='ltr'>of</span> <span class='ocrx_word' id='word_1_364' title='bbox 1616 4407 1703 4455; x_wconf 82' lang='lat' dir='ltr'>the</span> 
     </span>
    </p>
   </div>
   <div class='ocr_carea' id='block_1_15' title="bbox 2694 2632 2957 2765">
    <p class='ocr_par' dir='ltr' id='par_1_16' title="bbox 2694 2632 2957 2765">
     <span class='ocr_line' id='line_1_47' title="bbox 2706 2632 2955 2696; baseline 0 -15"><span class='ocrx_word' id='word_1_365' title='bbox 2706 2647 2733 2696; x_wconf 82' lang='lat'>5</span> <span class='ocrx_word' id='word_1_366' title='bbox 2756 2632 2856 2681; x_wconf 87' lang='lat' dir='ltr'>sint</span> <span class='ocrx_word' id='word_1_367' title='bbox 2884 2632 2955 2681; x_wconf 73' lang='lat' dir='ltr'>C*</span> 
     </span>
     <span class='ocr_line' id='line_1_48' title="bbox 2694 2715 2957 2765; baseline -0.004 0"><span class='ocrx_word' id='word_1_368' title='bbox 2694 2718 2725 2765; x_wconf 85' lang='lat'><em>8</em></span> <span class='ocrx_word' id='word_1_369' title='bbox 2758 2715 2848 2763; x_wconf 90' lang='lat' dir='ltr'>illo</span> <span class='ocrx_word' id='word_1_370' title='bbox 2880 2724 2957 2764; x_wconf 78' lang='lat' dir='ltr'>est</span> 
     </span>
    </p>
   </div>
   <div class='ocr_carea' id='block_1_16' title="bbox 1980 2795 2967 2849">
    <p class='ocr_par' dir='ltr' id='par_1_17' title="bbox 1980 2795 2967 2849">
     <span class='ocr_line' id='line_1_49' title="bbox 1980 2795 2967 2849; baseline -0.001 -2"><span class='ocrx_word' id='word_1_371' title='bbox 1980 2814 2034 2847; x_wconf 74' lang='grc' dir='ltr'>η</span> <span class='ocrx_word' id='word_1_372' title='bbox 2071 2798 2225 2848; x_wconf 84' lang='lat' dir='ltr'>adicit</span> <span class='ocrx_word' id='word_1_373' title='bbox 2264 2815 2297 2847; x_wconf 82' lang='lat' dir='ltr'>r</span> <span class='ocrx_word' id='word_1_374' title='bbox 2528 2795 2588 2849; x_wconf 83' lang='lat'>16</span> <span class='ocrx_word' id='word_1_375' title='bbox 2618 2796 2815 2846; x_wconf 82' lang='lat' dir='ltr'>uidetur</span> <span class='ocrx_word' id='word_1_376' title='bbox 2836 2796 2967 2846; x_wconf 86' lang='lat' dir='ltr'>CH</span> 
     </span>
    </p>
   </div>
   <div class='ocr_carea' id='block_1_17' title="bbox 1792 3024 2963 4467">
    <p class='ocr_par' dir='ltr' id='par_1_18' title="bbox 1794 3024 2957 3399">
     <span class='ocr_line' id='line_1_50' title="bbox 1794 3024 2954 3093; baseline 0.004 -21"><span class='ocrx_word' id='word_1_377' title='bbox 1794 3024 1954 3089; x_wconf 82' lang='lat' dir='ltr'>living</span> <span class='ocrx_word' id='word_1_378' title='bbox 1991 3024 2099 3074; x_wconf 84' lang='lat' dir='ltr'>that</span> <span class='ocrx_word' id='word_1_379' title='bbox 2128 3026 2222 3075; x_wconf 87' lang='lat' dir='ltr'>Th.</span> <span class='ocrx_word' id='word_1_380' title='bbox 2261 3027 2470 3091; x_wconf 77' lang='lat' dir='ltr'>speaks3</span> <span class='ocrx_word' id='word_1_381' title='bbox 2521 3044 2551 3077; x_wconf 84' lang='lat' dir='ltr'>a</span> <span class='ocrx_word' id='word_1_382' title='bbox 2578 3038 2808 3079; x_wconf 85' lang='lat' dir='ltr'>sentence</span> <span class='ocrx_word' id='word_1_383' title='bbox 2841 3044 2954 3093; x_wconf 79' lang='lat' dir='ltr'>pro·</span> 
     </span>
     <span class='ocr_line' id='line_1_51' title="bbox 1794 3106 2955 3171; baseline 0.003 -16"><span class='ocrx_word' id='word_1_384' title='bbox 1794 3106 2023 3156; x_wconf 84' lang='lat' dir='ltr'>nounced</span> <span class='ocrx_word' id='word_1_385' title='bbox 2047 3123 2184 3171; x_wconf 86' lang='lat' dir='ltr'>upon</span> <span class='ocrx_word' id='word_1_386' title='bbox 2210 3108 2295 3158; x_wconf 89' lang='lat' dir='ltr'>the</span> <span class='ocrx_word' id='word_1_387' title='bbox 2310 3109 2440 3157; x_wconf 83' lang='lat' dir='ltr'>dead</span> <span class='ocrx_word' id='word_1_388' title='bbox 2456 3110 2623 3159; x_wconf 75' lang='lat' dir='ltr'>would</span> <span class='ocrx_word' id='word_1_389' title='bbox 2648 3111 2775 3160; x_wconf 73' lang='lat' dir='ltr'>have</span> <span class='ocrx_word' id='word_1_390' title='bbox 2798 3126 2955 3161; x_wconf 85' lang='lat' dir='ltr'>seem-</span> 
     </span>
     <span class='ocr_line' id='line_1_52' title="bbox 1795 3186 2955 3252; baseline 0.003 -17"><span class='ocrx_word' id='word_1_391' title='bbox 1795 3186 1857 3235; x_wconf 86' lang='lat' dir='ltr'>ed</span> <span class='ocrx_word' id='word_1_392' title='bbox 1877 3193 1931 3236; x_wconf 93' lang='lat' dir='ltr'>to</span> <span class='ocrx_word' id='word_1_393' title='bbox 1954 3186 2057 3235; x_wconf 86' lang='lat' dir='ltr'>him</span> <span class='ocrx_word' id='word_1_394' title='bbox 2082 3202 2137 3237; x_wconf 86' lang='lat' dir='ltr'>as</span> <span class='ocrx_word' id='word_1_395' title='bbox 2159 3195 2507 3252; x_wconf 84' lang='lat' dir='ltr'>preposterous</span> <span class='ocrx_word' id='word_1_396' title='bbox 2529 3189 2628 3237; x_wconf 85' lang='lat' dir='ltr'>and</span> <span class='ocrx_word' id='word_1_397' title='bbox 2647 3189 2816 3239; x_wconf 86' lang='lat' dir='ltr'>unreal</span> <span class='ocrx_word' id='word_1_398' title='bbox 2839 3206 2893 3239; x_wconf 81' lang='lat' dir='ltr'>as</span> <span class='ocrx_word' id='word_1_399' title='bbox 2914 3189 2955 3239; x_wconf 84' lang='lat' dir='ltr'>it</span> 
     </span>
     <span class='ocr_line' id='line_1_53' title="bbox 1794 3269 2957 3336; baseline 0.003 -19"><span class='ocrx_word' id='word_1_400' title='bbox 1794 3269 2047 3334; x_wconf 77' lang='lat' dir='ltr'>appeared</span> <span class='ocrx_word' id='word_1_401' title='bbox 2082 3277 2136 3321; x_wconf 89' lang='lat' dir='ltr'>to</span> <span class='ocrx_word' id='word_1_402' title='bbox 2168 3270 2251 3319; x_wconf 90' lang='lat' dir='ltr'>the</span> <span class='ocrx_word' id='word_1_403' title='bbox 2286 3278 2569 3335; x_wconf 84' lang='lat' dir='ltr'>opponents</span> <span class='ocrx_word' id='word_1_404' title='bbox 2592 3271 2649 3321; x_wconf 82' lang='lat' dir='ltr'>os</span> <span class='ocrx_word' id='word_1_405' title='bbox 2662 3272 2957 3336; x_wconf 78' lang='lat' dir='ltr'>Justinian&#39;s</span> 
     </span>
     <span class='ocr_line' id='line_1_54' title="bbox 1796 3350 1949 3399; baseline 0.007 -1"><span class='ocrx_word' id='word_1_406' title='bbox 1796 3350 1949 3399; x_wconf 89' lang='lat' dir='ltr'>edict.</span> 
     </span>
    </p>

    <p class='ocr_par' dir='ltr' id='par_1_19' title="bbox 1792 3432 2959 3888">
     <span class='ocr_line' id='line_1_55' title="bbox 1864 3432 2947 3499; baseline 0.003 -18"><span class='ocrx_word' id='word_1_407' title='bbox 1864 3444 1907 3493; x_wconf 91' lang='lat'>7.</span> <span class='ocrx_word' id='word_1_408' title='bbox 1980 3448 2081 3481; x_wconf 81' lang='lat' dir='ltr'>non</span> <span class='ocrx_word' id='word_1_409' title='bbox 2121 3436 2133 3459; x_wconf 84' lang='lat'>⁸</span> <span class='ocrx_word' id='word_1_410' title='bbox 2154 3433 2241 3481; x_wconf 82' lang='lat' dir='ltr'>ut&#39;</span> <span class='ocrx_word' id='word_1_411' title='bbox 2270 3449 2488 3493; x_wconf 82' lang='lat' dir='ltr'>causam,</span> <span class='ocrx_word' id='word_1_412' title='bbox 2512 3432 2630 3495; x_wconf 69' lang='grc' dir='ltr'>δια]</span> <span class='ocrx_word' id='word_1_413' title='bbox 2681 3434 2758 3483; x_wconf 88' lang='lat' dir='ltr'>Cf.</span> <span class='ocrx_word' id='word_1_414' title='bbox 2800 3446 2835 3483; x_wconf 79' lang='grc' dir='ltr'>ι.</span> <span class='ocrx_word' id='word_1_415' title='bbox 2862 3450 2947 3499; x_wconf 90' lang='lat' dir='ltr'>pp.</span> 
     </span>
     <span class='ocr_line' id='line_1_56' title="bbox 1796 3512 2953 3579; baseline 0.003 -18"><span class='ocrx_word' id='word_1_416' title='bbox 1796 3532 1875 3574; x_wconf 83' lang='lat'>44,</span> <span class='ocrx_word' id='word_1_417' title='bbox 1916 3512 1951 3561; x_wconf 93' lang='lat'>1.</span> <span class='ocrx_word' id='word_1_418' title='bbox 1975 3532 2023 3575; x_wconf 84' lang='lat'>4,</span> <span class='ocrx_word' id='word_1_419' title='bbox 2060 3522 2209 3574; x_wconf 71' lang='lat' dir='ltr'>nott-23</span> <span class='ocrx_word' id='word_1_420' title='bbox 2257 3516 2335 3579; x_wconf 89' lang='lat'>98,</span> <span class='ocrx_word' id='word_1_421' title='bbox 2379 3513 2432 3562; x_wconf 89' lang='lat'>11.</span> <span class='ocrx_word' id='word_1_422' title='bbox 2466 3528 2547 3571; x_wconf 82' lang='lat'>20,</span> <span class='ocrx_word' id='word_1_423' title='bbox 2581 3512 2661 3563; x_wconf 77' lang='lat'>26.</span> <span class='ocrx_word' id='word_1_424' title='bbox 2728 3514 2841 3564; x_wconf 87' lang='lat' dir='ltr'>The</span> <span class='ocrx_word' id='word_1_425' title='bbox 2879 3530 2953 3563; x_wconf 77' lang='lat' dir='ltr'>re-</span> 
     </span>
     <span class='ocr_line' id='line_1_57' title="bbox 1796 3595 2957 3659; baseline 0.003 -17"><span class='ocrx_word' id='word_1_426' title='bbox 1796 3602 2041 3659; x_wconf 84' lang='lat' dir='ltr'>pentance</span> <span class='ocrx_word' id='word_1_427' title='bbox 2074 3595 2173 3643; x_wconf 82' lang='lat' dir='ltr'>and</span> <span class='ocrx_word' id='word_1_428' title='bbox 2220 3596 2591 3645; x_wconf 62' lang='lat' dir='ltr'>reconciliationi</span> <span class='ocrx_word' id='word_1_429' title='bbox 2647 3596 2707 3644; x_wconf 85' lang='lat' dir='ltr'>of</span> <span class='ocrx_word' id='word_1_430' title='bbox 2754 3596 2839 3645; x_wconf 89' lang='lat' dir='ltr'>the</span> <span class='ocrx_word' id='word_1_431' title='bbox 2882 3595 2957 3645; x_wconf 84' lang='lat' dir='ltr'>os·</span> 
     </span>
     <span class='ocr_line' id='line_1_58' title="bbox 1796 3674 2959 3741; baseline 0.006 -19"><span class='ocrx_word' id='word_1_432' title='bbox 1796 3674 1967 3723; x_wconf 86' lang='lat' dir='ltr'>fender</span> <span class='ocrx_word' id='word_1_433' title='bbox 2004 3690 2134 3723; x_wconf 87' lang='lat' dir='ltr'>were</span> <span class='ocrx_word' id='word_1_434' title='bbox 2166 3676 2252 3725; x_wconf 86' lang='lat' dir='ltr'>the</span> <span class='ocrx_word' id='word_1_435' title='bbox 2282 3676 2590 3741; x_wconf 81' lang='lat' dir='ltr'>anticipated</span> <span class='ocrx_word' id='word_1_436' title='bbox 2614 3677 2767 3727; x_wconf 83' lang='lat' dir='ltr'>result</span> <span class='ocrx_word' id='word_1_437' title='bbox 2790 3678 2959 3729; x_wconf 84' lang='lat' dir='ltr'>rather</span> 
     </span>
     <span class='ocr_line' id='line_1_59' title="bbox 1792 3754 2957 3822; baseline 0.008 -19"><span class='ocrx_word' id='word_1_438' title='bbox 1792 3754 1915 3804; x_wconf 87' lang='lat' dir='ltr'>than</span> <span class='ocrx_word' id='word_1_439' title='bbox 1939 3756 2025 3805; x_wconf 87' lang='lat' dir='ltr'>the</span> <span class='ocrx_word' id='word_1_440' title='bbox 2046 3756 2202 3806; x_wconf 89' lang='lat' dir='ltr'>direct</span> <span class='ocrx_word' id='word_1_441' title='bbox 2227 3773 2443 3822; x_wconf 83' lang='lat' dir='ltr'>purpose</span> <span class='ocrx_word' id='word_1_442' title='bbox 2472 3757 2532 3808; x_wconf 84' lang='lat' dir='ltr'>of</span> <span class='ocrx_word' id='word_1_443' title='bbox 2558 3760 2637 3809; x_wconf 83' lang='lat' dir='ltr'>his</span> <span class='ocrx_word' id='word_1_444' title='bbox 2672 3776 2957 3811; x_wconf 81' lang='lat' dir='ltr'>excommu-</span> 
     </span>
     <span class='ocr_line' id='line_1_60' title="bbox 1792 3838 2031 3888; baseline -0.004 -1"><span class='ocrx_word' id='word_1_445' title='bbox 1792 3838 2031 3888; x_wconf 84' lang='lat' dir='ltr'>nication.</span> 
     </span>
    </p>

    <p class='ocr_par' dir='ltr' id='par_1_20' title="bbox 1792 3918 2963 4467">
     <span class='ocr_line' id='line_1_61' title="bbox 1866 3918 2958 3981; baseline 0.006 -14"><span class='ocrx_word' id='word_1_446' title='bbox 1866 3934 1941 3980; x_wconf 90' lang='lat'>14.</span> <span class='ocrx_word' id='word_1_447' title='bbox 2010 3918 2111 3967; x_wconf 79' lang='lat' dir='ltr'>idco</span> <span class='ocrx_word' id='word_1_448' title='bbox 2130 3934 2257 3979; x_wconf 82' lang='lat' dir='ltr'>eum,</span> <span class='ocrx_word' id='word_1_449' title='bbox 2286 3919 2400 3981; x_wconf 67' lang='grc' dir='ltr'>δια]</span> <span class='ocrx_word' id='word_1_450' title='bbox 2450 3920 2531 3969; x_wconf 84' lang='lat' dir='ltr'>Cf.</span> <span class='ocrx_word' id='word_1_451' title='bbox 2568 3920 2665 3971; x_wconf 86' lang='lat' dir='ltr'>Th.</span> <span class='ocrx_word' id='word_1_452' title='bbox 2690 3938 2757 3971; x_wconf 86' lang='lat' dir='ltr'>on</span> <span class='ocrx_word' id='word_1_453' title='bbox 2786 3939 2807 3973; x_wconf 74' lang='grc' dir='ltr'>ι</span> <span class='ocrx_word' id='word_1_454' title='bbox 2834 3923 2958 3974; x_wconf 89' lang='lat' dir='ltr'>Cor.</span> 
     </span>
     <span class='ocr_line' id='line_1_62' title="bbox 1792 3998 2961 4067; baseline 0.007 -20"><span class='ocrx_word' id='word_1_455' title='bbox 1792 3998 1830 4047; x_wconf 86' lang='lat' dir='ltr'>l.</span> <span class='ocrx_word' id='word_1_456' title='bbox 1848 4016 1913 4047; x_wconf 88' lang='lat' dir='ltr'>c.:</span> <span class='ocrx_word' id='word_1_457' title='bbox 1947 4000 2123 4057; x_wconf 77' lang='grc' dir='ltr'>ἐξῶσαί</span> <span class='ocrx_word' id='word_1_458' title='bbox 2148 4004 2297 4059; x_wconf 75' lang='grc' dir='ltr'>φησιν</span> <span class='ocrx_word' id='word_1_459' title='bbox 2328 4000 2489 4057; x_wconf 80' lang='grc' dir='ltr'>αὐτόν,</span> <span class='ocrx_word' id='word_1_460' title='bbox 2517 4001 2601 4051; x_wconf 78' lang='grc' dir='ltr'>οὐκ</span> <span class='ocrx_word' id='word_1_461' title='bbox 2626 4002 2961 4067; x_wconf 70' lang='grc' dir='ltr'>ἀλλοτριῶσαι</span> 
     </span>
     <span class='ocr_line' id='line_1_63' title="bbox 1797 4080 2963 4144; baseline 0.007 -16"><span class='ocrx_word' id='word_1_462' title='bbox 1797 4080 1958 4140; x_wconf 73' lang='grc' dir='ltr'>πάντη</span> <span class='ocrx_word' id='word_1_463' title='bbox 1999 4080 2307 4144; x_wconf 76' lang='grc' dir='ltr'>βουλόμενος,</span> <span class='ocrx_word' id='word_1_464' title='bbox 2364 4085 2479 4133; x_wconf 74' lang='grc' dir='ltr'>ἀλλ’</span> <span class='ocrx_word' id='word_1_465' title='bbox 2532 4086 2613 4133; x_wconf 68' lang='grc' dir='ltr'>ἵνα</span> <span class='ocrx_word' id='word_1_466' title='bbox 2660 4088 2748 4135; x_wconf 79' lang='grc' dir='ltr'>τοῦ</span> <span class='ocrx_word' id='word_1_467' title='bbox 2784 4088 2963 4137; x_wconf 75' lang='grc' dir='ltr'>οἰκείου</span> 
     </span>
     <span class='ocr_line' id='line_1_64' title="bbox 1795 4158 2959 4229; baseline 0.007 -20"><span class='ocrx_word' id='word_1_468' title='bbox 1795 4158 2076 4221; x_wconf 80' lang='grc' dir='ltr'>αἰσθόμενος</span> <span class='ocrx_word' id='word_1_469' title='bbox 2100 4160 2511 4224; x_wconf 74' lang='grc' dir='ltr'>πλημμελήματος</span> <span class='ocrx_word' id='word_1_470' title='bbox 2532 4170 2829 4229; x_wconf 73' lang='grc' dir='ltr'>μεταμελείᾳ</span> <span class='ocrx_word' id='word_1_471' title='bbox 2862 4172 2959 4219; x_wconf 78' lang='grc' dir='ltr'>τινὶ</span> 
     </span>
     <span class='ocr_line' id='line_1_65' title="bbox 1797 4244 2961 4313; baseline 0.004 -19"><span class='ocrx_word' id='word_1_472' title='bbox 1797 4245 1921 4295; x_wconf 74' lang='grc' dir='ltr'>κατὰ</span> <span class='ocrx_word' id='word_1_473' title='bbox 1959 4244 2045 4295; x_wconf 83' lang='grc' dir='ltr'>τὸν</span> <span class='ocrx_word' id='word_1_474' title='bbox 2081 4246 2296 4309; x_wconf 74' lang='grc' dir='ltr'>παρόντα</span> <span class='ocrx_word' id='word_1_475' title='bbox 2329 4249 2438 4309; x_wconf 84' lang='grc' dir='ltr'>βίον</span> <span class='ocrx_word' id='word_1_476' title='bbox 2469 4250 2734 4311; x_wconf 78' lang='grc' dir='ltr'>συντρίψας</span> <span class='ocrx_word' id='word_1_477' title='bbox 2766 4247 2961 4313; x_wconf 80' lang='grc' dir='ltr'>ἐαυτὸν,</span> 
     </span>
     <span class='ocr_line' id='line_1_66' title="bbox 1796 4326 2963 4392; baseline 0.004 -16"><span class='ocrx_word' id='word_1_478' title='bbox 1796 4326 1975 4389; x_wconf 73' lang='grc' dir='ltr'>δυνηθῇ</span> <span class='ocrx_word' id='word_1_479' title='bbox 1999 4326 2088 4387; x_wconf 83' lang='grc' dir='ltr'>τῆς</span> <span class='ocrx_word' id='word_1_480' title='bbox 2098 4332 2371 4389; x_wconf 78' lang='grc' dir='ltr'>μελλούσης</span> <span class='ocrx_word' id='word_1_481' title='bbox 2384 4332 2622 4392; x_wconf 77' lang='grc' dir='ltr'>σωτηρίας</span> <span class='ocrx_word' id='word_1_482' title='bbox 2640 4330 2771 4391; x_wconf 76' lang='grc' dir='ltr'>ἄξιον</span> <span class='ocrx_word' id='word_1_483' title='bbox 2786 4331 2963 4381; x_wconf 70' lang='grc' dir='ltr'>ἑαυτὸν</span> 
     </span>
     <span class='ocr_line' id='line_1_67' title="bbox 1794 4410 2117 4467; baseline 0.003 -11"><span class='ocrx_word' id='word_1_484' title='bbox 1794 4410 2117 4467; x_wconf 82' lang='grc' dir='ltr'>καταστῆσαι.</span> 
     </span>
    </p>
   </div>
  </div>
 </body>
</html>
