3250 5025
312 357 400 420 11.
444 360 735 443 15—17.]
890 372 974 422 IN
1023 372 1130 421 ΕΡ.
1180 371 1284 420 AD
1331 370 2080 423 THESSALONICENSES
2128 371 2171 419 1.
2665 362 2734 429 15

435 553 500 605 et
541 541 836 607 omnibus
873 537 1240 606 hominibus
1279 552 1436 605 sunt
1481 539 1813 616 contrarii,
1847 539 2249 622 prohibentes
2294 558 2407 601 nos
2439 536 2742 620 gentibus

309 641 487 725 loqui
512 652 587 705 ut
611 643 963 708 saluentur.

441 780 513 834 et·
541 772 812 855 quidem
844 792 933 834 ex
963 770 1092 835 hoc
1123 771 1371 835 factum
1405 780 1507 835 est

442 933 518 985 ut
564 922 956 1006 impleantur
996 944 1215 987 eorum
1251 934 1509 1006 peccata
1546 933 1829 1005 semper,·
1874 921 2177 1005 peruenit
2207 922 2380 986 enim
2419 932 2609 1004 super
2644 942 2745 985 eos

313 1022 420 1085 ira
451 1021 521 1085 in
533 1023 696 1105 fine.
2821 1040 2851 1107 5

446 1146 641 1211 ‘nihil
690 1148 960 1233 (inquit)
1009 1149 1248 1212 mirum
1298 1150 1767 1233 quodcumque
1814 1148 2029 1213 facere
2072 1148 2482 1227 adnituntur,
2530 1148 2623 1211 ita
2670 1155 2744 1210 ut

315 1251 476 1316 nihil
538 1254 664 1317 illis
727 1257 958 1318 deesse
1018 1254 1326 1317 uideatur
1382 1254 1558 1317 mali.
1678 1253 2044 1336 perfectam
2106 1274 2265 1335 ergo
2324 1273 2445 1336 pro
2505 1252 2744 1335 quibus

313 1366 522 1436 agunt
554 1377 841 1438 poenam
879 1357 965 1419 ab
997 1367 1270 1420 aeterno
1312 1358 1527 1420 iudice
1573 1356 1955 1439 excipiant.’
2046 1355 2211 1419 haec
2247 1366 2473 1419 autem
2522 1358 2748 1419 omnia

316 1457 666 1521 coniunxit
699 1459 765 1521 in
808 1479 1160 1541 personam
1209 1458 1626 1534 Iudaeorum,
1663 1460 2091 1542 maximeque
2133 1478 2247 1522 eos
2289 1459 2461 1521 iusta
2492 1458 2747 1521 ratione

317 1577 671 1638 accusans;
717 1560 1078 1625 necessarie
1112 1582 1268 1625 uero
1301 1562 1366 1623 in
1414 1562 1747 1644 praesenti
1796 1564 2183 1625 memoriam
2227 1581 2455 1624 eorum
2499 1560 2747 1624 faciens
2786 1580 2862 1628 10

317 1664 511 1727 simul
544 1676 612 1729 et
643 1675 715 1728 ut
747 1666 1060 1729 ostendat
1092 1676 1344 1747 quanta
1377 1668 1720 1747 patiuntur
1760 1664 1988 1729 fideles
2025 1664 2137 1747 qui
2184 1674 2339 1727 sunt
2372 1666 2437 1727 in
2474 1664 2745 1742 Iudaea,
2820 1678 2831 1689 ·

315 1767 429 1848 qui
462 1768 530 1828 in
571 1769 934 1831 certamine
973 1768 1162 1850 quasi
1205 1767 1427 1831 medio
1465 1776 1974 1844 conuersantes;
2022 1766 2275 1830 scilicet
2317 1773 2391 1828 ut
2435 1766 2749 1829 ostendat

316 1871 942 1936 Thessalonicenses
1003 1872 1164 1935 nihil
1241 1883 1379 1936 tam
1441 1872 1685 1935 durum
1745 1890 1786 1934 a
1844 1870 2157 1952 gentibus
2216 1870 2627 1947 sustinuisse,
2688 1870 2745 1932 si

319 1982 544 2036 tamen
607 1974 720 2037 illa
780 1996 952 2057 quae
1011 1974 1356 2056 patiuntur
1402 1993 1554 2036 cum
1604 1973 1733 2035 illis
1786 1993 1959 2056 quae
2009 1973 2075 2035 in
2134 1969 2385 2035 Iudaea
2432 1980 2754 2053 geruntur

318 2064 704 2157 comparare
766 2075 1117 2139 noluerint.
1206 2074 1375 2139 haec
1442 2076 1643 2159 igitur
1718 2076 1944 2138 omnia
2008 2072 2145 2155 [ad]
2212 2071 2749 2136 exhortationem
2789 2089 2858 2157 15

319 2176 1010 2242 Thessalonicensium
1061 2180 1299 2261 posuit.
1386 2178 1704 2262 quoniam
1754 2198 1913 2240 uero
1974 2177 2147 2240 inter
2204 2187 2425 2240 cetera
2485 2178 2751 2240 dixerat

320 2281 404 2343 de
435 2300 557 2343 suo
599 2282 686 2343 ad
728 2302 841 2343 eos
884 2282 1196 2356 aduentu,
1227 2279 1382 2344 hinc
1425 2282 1660 2363 incipit
1702 2280 1818 2343 illa
1862 2301 2035 2364 quae
2077 2290 2230 2362 post
2273 2279 2748 2362 profectionem

317 2392 474 2446 sunt
515 2385 754 2461 dicere,
787 2384 1134 2466 publicans
1175 2385 1423 2467 pariter
1459 2384 1527 2445 in
1575 2382 1679 2446 his
1716 2384 1918 2447 etiam
1956 2404 2150 2447 suum
2194 2383 2503 2446 affectum
2550 2404 2752 2466 quem

318 2487 525 2554 habet
555 2509 712 2572 erga
743 2488 928 2554 illos:

451 2662 567 2707 nos
609 2653 838 2719 autem,
875 2642 1153 2724 fratrer,
1185 2640 1456 2704 desolati
1495 2662 1539 2702 a
1581 2640 1763 2704 uobis
1805 2640 1901 2703 ad
1932 2640 2148 2703 instar
2187 2641 2619 2724 orphanorum
2664 2643 2760 2706 ad
2781 2664 2866 2712 20

321 2755 564 2827 tempus
607 2744 815 2821 horae,
852 2744 1035 2826 facie
1078 2765 1202 2806 non
1245 2743 1440 2818 corde,
1487 2741 1930 2807 abundantius
1971 2742 2477 2806 adcelerauz'mus
2502 2743 2751 2826 faciem

321 2857 604 2910 uestram
634 2845 853 2909 uidere
882 2845 952 2910 in
983 2846 1182 2909 multo
1210 2845 1536 2909 desiderio,
2754 2845 2761 2852 ’

452 2975 626 3038 bene
666 2995 784 3057 per
820 2975 1045 3038 omnia
1085 2975 1355 3036 auxisse
1393 2975 1571 3036 uisus
1624 2981 1726 3036 est
1774 2993 1968 3038 suum
2019 2993 2175 3054 erga
2222 2972 2372 3036 illos
2421 2973 2751 3048 affectum,

320 3075 388 3137 in
423 3095 503 3138 eo
534 3076 714 3158 quod
741 3075 919 3138 dixit
943 3079 1092 3138 ‘non
1115 3075 1298 3139 corde
1319 3097 1359 3138 a
1383 3075 1575 3138 uobis
1599 3076 2023 3139 discessimus
2048 3076 2164 3138 sed
2180 3074 2367 3156 facie
2384 3074 2437 3149 ,·’
2469 3085 2535 3138 et
2568 3077 2747 3158 quod

324 3181 411 3244 ab
457 3180 585 3244 illis
626 3180 711 3243 ad
746 3188 1014 3263 tempus
1055 3188 1462 3262 segregatuS,
1494 3179 1723 3242 statim
1757 3179 2037 3262 cupierit
2079 3199 2193 3243 eos
2226 3179 2465 3242 iterum
2507 3179 2749 3242 uidere.
2776 3198 2856 3265 25

423 3396 456 3440 4
489 3375 747 3441 perueniet
775 3376 820 3425 C
839 3373 985 3438 (corr)
1303 3389 1328 3438 7
1364 3391 1484 3424 uero
1509 3373 1624 3438 (fhr
1644 3373 1781 3440 ergo)
1812 3376 1855 3426 C
1874 3392 1905 3424 r
2196 3377 2227 3424 8
2260 3375 2508 3440 excipient
2539 3375 2581 3424 C
2602 3377 2747 3436 (corr)

327 3459 575 3522 accipiant
599 3474 630 3507 r
869 3471 927 3507 10
960 3457 1238 3507 necessario
1260 3472 1293 3505 r
1529 3473 1584 3507 12
1621 3457 1761 3522 quasi
1786 3457 1837 3506 in
1860 3473 1927 3508 m.
1958 3457 2026 3506 H
2246 3469 2302 3518 15
2337 3457 2403 3506 ad
2424 3471 2503 3504 om
2532 3457 2637 3505 CH
2658 3453 2665 3520 Ι
2696 3457 2749 3506 in

325 3557 401 3590 ex.
436 3541 480 3590 C
501 3540 678 3604 (συνῆς
727 3544 808 3586 txt
844 3554 877 3586 r
1095 3537 1156 3588 16
1187 3553 1308 3588 uero
1345 3553 1424 3586 om
1461 3538 1532 3587 H
1743 3540 1801 3588 18
1836 3553 1988 3603 quam
2034 3537 2111 3588 C*
2333 3552 2397 3587 20
2428 3544 2596 3586 autem
2618 3553 2696 3585 om
2720 3553 2753 3586 r

329 3636 388 3686 25
423 3621 490 3671 ad
513 3629 666 3685 temp.
696 3621 762 3669 ab
791 3620 892 3670 illis
918 3620 962 3670 C
980 3636 1013 3669 r
1074 3617 1084 3684 Ι
1113 3620 1315 3670 interim
1339 3617 1452 3684 (sor
1470 3617 1669 3683 iterum)
1694 3620 1763 3669 H

326 3818 488 3854 seems
518 3806 570 3851 to
599 3798 794 3864 require
822 3797 920 3848 this
951 3796 1288 3858 emendation,
1323 3796 1488 3848 which
1662 3799 1737 3847 18.
1803 3797 1890 3860 aff
1916 3797 2084 3861 quem]
2145 3797 2224 3847 Cf.
2251 3813 2334 3846 vv.
2358 3797 2444 3858 11.;
2482 3797 2570 3862 aff
2596 3811 2749 3862 quam

328 3883 374 3934 is
397 3879 665 3946 suggested
687 3880 757 3943 by
779 3879 857 3928 Dr
873 3879 1067 3943 Jacobi.
1608 3880 1697 3947 (C)
1710 3886 1855 3943 -ιτὴν
1876 3883 2087 3931 διάθεσιν
2119 3879 2235 3940 ἥν...

401 3977 444 4012 1.
511 3961 782 4022 contrarii]
836 3961 906 4011 So
929 3960 994 4011 Ο.
1023 3960 1117 4019 L.;
1151 3959 1324 4025 Vulg.,
1355 3963 1386 3987 ‘⁸
1403 3959 1488 4009 ad·
1660 3978 1739 4012 20.
1810 3963 1884 4012 ad
1931 3964 2097 4010 instar
2139 3960 2497 4024 orphanorum]
2563 3961 2751 4011 Added

329 4041 638 4096 uersentur-’²
713 4042 783 4093 Ut
816 4042 1254 4106 impleantur=e15
1286 4043 1346 4091 τὸ
1376 4043 1490 4090 ἀνα·
1589 4043 1660 4107 by
1681 4058 1774 4092 our
1794 4042 2059 4092 translator
2088 4049 2143 4091 to
2172 4042 2257 4091 the
2288 4041 2553 4106 rendering
2581 4042 2639 4092 of
2666 4041 2751 4092 the

329 4119 605 4185 πληρῶσαι.
638 4120 892 4186 Similarly
907 4123 971 4173 Ο.
988 4122 1108 4184 L.(‘
1117 4123 1132 4148 ⁴
1141 4127 1195 4172 ut
1207 4121 1490 4187 complean-
1592 4126 1660 4176 Ο.
1701 4125 1762 4174 L.
1799 4125 1899 4174 and
1939 4124 2111 4188 Vulg.,
2150 4123 2273 4173 with
2306 4123 2393 4173 the
2426 4124 2555 4173 view
2586 4123 2645 4172 of
2676 4139 2750 4173 re-

330 4208 492 4271 tur”).
516 4208 628 4259 The
637 4205 1010 4270 Vulg·adheres
1023 4210 1076 4253 to
1089 4203 1176 4253 the
1191 4204 1353 4254 active
1363 4203 1492 4252 form
1593 4208 1880 4274 prfflenting
1910 4221 2048 4256 more
2080 4205 2385 4272 completely
2405 4205 2492 4254 the
2524 4221 2667 4256 sense
2700 4206 2762 4256 of

333 4292 392 4342 of
407 4289 493 4341 the
515 4297 768 4340 sentence.
1593 4289 1679 4339 the
1704 4287 1831 4350 Gk.;
1854 4288 1913 4338 cf.
1935 4299 1972 4338 1.
1996 4305 2047 4355 p.
2072 4289 2233 4339 xxxvi.
2251 4303 2327 4353 sq.
2397 4288 2466 4338 So
2487 4287 2654 4337 below
2678 4290 2752 4353 (p.

404 4388 483 4436 13.
538 4371 587 4420 si
603 4376 789 4430 earnm,
811 4367 928 4430 &c.]
965 4369 1068 4418 For
1081 4367 1131 4416 si
1143 4368 1492 4428 ἰαηιεηεεΐγε,
1600 4366 1677 4426 16,
1702 4369 1735 4418 1.
1767 4370 1830 4430 1),
1868 4385 2039 4434 segreg.
2070 4385 2119 4418 se
2150 4367 2223 4416 ad
2251 4369 2421 4418 instar
2451 4367 2591 4433 orph.
2620 4368 2755 4417 dixit

333 4471 418 4504 see
435 4465 471 4502 1.
486 4467 538 4518 p.
556 4463 664 4514 172,
677 4451 711 4501 1.
736 4466 752 4499 1
764 4458 970 4515 3‚note;
989 4461 1049 4500 11.
1065 4465 1112 4514 p.
1125 4449 1250 4514 44‚l.
1273 4451 1346 4506 18,
1359 4458 1491 4499 note.
1605 4471 1651 4492 ε
1664 4451 2089 4512 ἀπορφανισθέντα
2104 4449 2274 4497 ἑαυτὸν
2292 4448 2447 4509 λέγει.
