3250 5025
363 362 455 427 11.
490 362 709 447 2—4.]

1020 376 1122 442 IN
1154 378 1259 429 ΕΡ.
1304 378 1408 428 AD
1454 376 1924 429 TIMOTHEUM
1971 376 2047 428 11.

2649 376 2775 443 203

355 566 422 621 et
462 579 629 640 quae
673 557 931 623 audisti
971 579 1016 622 a
1072 578 1176 621 me
1206 568 1334 641 per
1374 557 1613 621 multos
1660 566 1842 621 testes
1883 556 2037 621 lzaec
2073 552 2444 620 commenda
2467 551 2784 637 fidelibus

358 662 745 739 hominibus,
772 661 893 757 qui
918 660 1134 727 idonei
1154 661 1297 725 sint
1320 661 1519 725 etiam
1548 658 1716 723 alios
1743 658 1971 723 docere.

493 790 711 855 ‘omni
765 812 924 874 ergo
978 813 1069 856 ex
1118 811 1319 856 causa
1366 791 1652 875 gratiam
1703 789 1888 854 illam
1951 810 2124 873 quae
2182 789 2346 854 data
2407 796 2509 852 est
2559 786 2684 851 tibi
2740 808 2781 850 a

364 893 630 960 Christo
690 894 777 958 ob
839 895 1118 959 aliorum
1181 896 1540 959 utilitatem
1601 894 1799 958 rebus
1859 894 2021 977 ipsis
2082 892 2365 957 ostende
2389 912 2406 971 3
2479 893 2778 957 studium

361 1008 555 1062 tuum
611 1007 689 1063 ut·
738 1020 939 1063 omne
1003 1000 1473 1083 quodcumque
1544 1018 1868 1082 magnum
1939 1006 2042 1062 est
2112 1018 2264 1061 curn
2335 995 2781 1060 sollicitudine
2855 1004 2887 1071 5

362 1102 525 1168 illud
559 1124 736 1186 agaS,
771 1111 841 1167 et
884 1125 1057 1187 quae
1103 1126 1143 1168 a
1190 1126 1298 1169 me
1343 1104 1589 1169 audisti
1629 1104 2006 1187 frequenter
2049 1102 2212 1166 dum
2259 1101 2425 1165 alios
2470 1101 2781 1165 docerem

360 1205 577 1270 —hoc
609 1210 787 1271 enim
820 1209 1023 1273 dicit:
1040 1220 1168 1291 per
1191 1211 1427 1273 multos
1456 1208 1888 1273 testes—haec
1930 1229 2212 1291 propera
2237 1215 2309 1272 et
2341 1208 2482 1290 ipse
2517 1204 2780 1285 docere,

364 1332 499 1374 non
545 1312 897 1394 quoslibet,
931 1315 1049 1377 sed
1094 1335 1261 1397 quos
1304 1314 1556 1377 discere
1597 1315 1727 1377 ista
1767 1313 2043 1377 idoneos
2080 1334 2224 1377 esse
2265 1310 2634 1386 existimaS,
2667 1309 2781 1393 qui

363 1416 659 1498 poterint
690 1415 945 1481 lucrum
976 1417 1216 1483 horum
1258 1425 1327 1482 et
1358 1418 1425 1482 in
1457 1417 1624 1483 alios
1655 1416 1983 1501 proferre.’

364 1540 519 1583 eum
551 1518 915 1584 adhortans
946 1521 1149 1587 dicit:

2074 1417 2321 1481 deinde
2363 1425 2432 1480 et
2461 1412 2781 1497 exemplo

494 1682 569 1737 tu
597 1694 746 1755 ergo
771 1672 1125 1787 conlabora,
1157 1673 1354 1757 quasi
1378 1675 1580 1739 bonus
1608 1674 1795 1739 miles
1831 1672 2082 1739 Christi
2110 1672 2276 1737 Iesu.

498 1801 795 1865 ‘imitare
849 1801 1095 1867 milites
1140 1802 1331 1867 istius
1384 1802 1653 1883 saeculi,
1700 1812 1769 1867 et
1813 1802 2098 1867 militem
2141 1811 2212 1866 te
2259 1800 2506 1867 Christi
2552 1801 2784 1867 existi-

366 1925 577 1983 manS,
638 1925 841 1968 omne
901 1905 1082 1987 quod
1144 1906 1386 1970 durum
1448 1913 1550 1970 est
1610 1914 1680 1969 et
1743 1905 2153 1970 laboriosum
2215 1906 2782 1988 contemplatione

364 2008 634 2092 pietatis
685 2008 852 2074 ferre
907 2006 1311 2092 depropera.'

368 2112 613 2176 adiecit
632 2135 649 2176 ι

1417 2017 1487 2074 et
1539 2009 1686 2091 ipso
1734 2008 2050 2091 exemplo
2100 2010 2268 2073 dans
2318 2009 2378 2072 ei
2431 2010 2782 2076 consilium

495 2285 675 2327 nemo
724 2263 1022 2328 militans
1067 2263 1207 2327 Deo
1256 2263 1546 2346 implicat
1589 2284 1661 2327 se
1714 2262 1987 2346 negotiis
2031 2261 2473 2328 saecularibus
2491 2286 2523 2341 ,·
2587 2274 2668 2328 ut
2725 2264 2791 2329 ei

354 2367 566 2451 possit
586 2368 839 2449 placere
859 2366 969 2430 cui
992 2389 1068 2431 se
1074 2367 1327 2451 proban
1334 2367 1405 2431 it.

454 2500 661 2564 ‘scito
717 2496 981 2583 (inquit)
1044 2498 1363 2583 quoniam
1424 2495 1538 2580 qui
1593 2494 1831 2561 uolunt
1889 2504 2051 2561 ante
2109 2495 2340 2561 omnia
2399 2496 2468 2562 in
2546 2496 2786 2562 militia

466 2693 494 2726 α
530 2685 674 2728 erunt
709 2684 759 2727 et
786 2674 901 2741 (for
933 2693 975 2726 s.
1000 2673 1172 2739 etiam)
1197 2691 1230 2725 r

364 2758 523 2823 tuum)
548 2760 653 2809 add
669 2775 703 2808 r

363 2848 500 2892 terea
524 2839 641 2906 (fir
658 2838 891 2906 propera)
926 2857 959 2890 r

362 2922 539 2972 labora
571 2923 697 2973 sieut
730 2922 781 2972 b.
817 2939 882 2972 m.
918 2923 971 2971 in
1004 2921 1207 2972 Christo
1232 2921 1346 2969 Iesu
1370 2935 1403 2968 r

373 3015 429 3066 17
464 3004 663 3068 placare
691 3004 760 3052 H
775 3001 786 3067 Ι
814 3004 1010 3068 placeat
1035 3003 1153 3067 (for
1170 3017 1222 3065 p.
1246 3001 1339 3066 pl.)
1362 3016 1396 3049 r

366 3086 505 3135 omni
540 3085 658 3148 (for
684 3084 875 3145 omnia)
904 3085 947 3134 C
978 3084 1129 3145 (corr)
1162 3083 1297 3132 bona
1329 3099 1362 3131 r

435 3248 483 3285 α.
546 3235 651 3285 sint
678 3232 849 3296 etiam]
872 3233 1027 3298 Aug..
1057 3231 1201 3283 “sint
1216 3238 1265 3282 et
1278 3230 1329 3292 ;'’
1348 3230 1521 3296 Vulg.,

369 3320 558 3368 “erunt
580 3324 646 3367 et.
656 3314 684 3339 ''
921 3379 942 3390 ,

435 3399 480 3451 6.
552 3414 679 3464 quae
702 3414 735 3447 a
766 3413 855 3458 me,
878 3395 996 3458 &c.]
1028 3396 1305 3445 Lanfranc:
1346 3395 1523 3460 “quae

366 3481 551 3532 audisti
582 3497 613 3528 a
643 3495 725 3529 me
746 3477 869 3543 freq.
896 3477 1021 3526 alios
1052 3476 1232 3526 docere
1261 3476 1393 3538 [sic];
1427 3477 1526 3526 hoc

366 3563 507 3624 dicit,
534 3559 657 3612 &c.”
700 3565 710 3574 '

432 3648 555 3696 dum
597 3645 719 3695 alios
758 3643 983 3702 docerem,
1028 3640 1143 3702 δια]
1198 3638 1280 3690 Cf.
1321 3638 1525 3704 Chrysa

367 3731 417 3778 τί
453 3731 586 3778 ἐστὶν
632 3725 739 3776 ’διὰ
770 3743 824 3776 τ’.
850 3743 900 3784 μ.
918 3723 950 3785 ;’
989 3721 1162 3772 ὡσανεὶ
1196 3725 1392 3782 ἔλεγεν·
1446 3719 1527 3770 *οὐ

366 3807 525 3873 λάθρα
572 3806 779 3870 ἤκουσας
812 3800 939 3856 οὐδὲ
986 3802 1159 3868 κρυφῇ,
1208 3803 1335 3854 ἀλλὰ
1386 3807 1525 3854 πολ-

366 3898 487 3945 λῶν
518 3894 837 3957 παρόντων,
859 3889 982 3950 μετὰ
998 3887 1305 3951 camnulas?
1339 3889 1525 3938 Thdt.=

364 3976 489 4040 ὅπερ
540 3973 748 4036 ἤκουσάς
796 3991 890 4034 μου
938 3975 1148 4024 πολλοὺς
1192 3973 1498 4022 διδάσκοντος
1511 3983 1523 3998 ·

364 4057 511 4110 τοῦτο
531 4055 632 4122 γὰρ
653 4060 753 4120 ἔφη
778 4057 879 4106 ’διὰ
902 4058 1099 4106 πολλῶν
1119 4055 1191 4117 μ.’
1240 4057 1327 4106 An
1348 4055 1527 4105 earlier

366 4140 663 4206 interpreter
706 4137 890 4200 (Clem.
925 4137 1073 4186 Alex.
1114 4145 1192 4202 ap.
1232 4136 1383 4196 Oec.)
1420 4151 1525 4186 saw

366 4224 421 4275 in
454 4223 595 4273 these
630 4223 831 4285 “many
852 4216 1143 4268 witnesses'’
1174 4218 1257 4268 the
1274 4219 1401 4267 Law
1422 4218 1532 4267 and

365 4308 447 4358 the
516 4298 1027 4370 prophets—rot'aerovs
1096 4300 1191 4365 γὰρ
1252 4298 1524 4354 ἀπόστολος

367 4389 578 4438 ἐποιεῖτο
619 4383 855 4450 μάρτυρας
900 4380 989 4433 τοῦ
1029 4384 1148 4432 ἰδίου
1200 4378 1522 4445 κηρύγματος.

368 4469 599 4534 Pelagius
618 4467 759 4533 gives
776 4465 905 4516 both
925 4465 1079 4515 views
1100 4479 1156 4514 as
1176 4464 1521 4517 altemativese

1443 2694 1476 2740 4
1508 2674 1574 2724 ab
1600 2673 1714 2740 (for
1732 2671 1818 2736 ob)
1843 2675 1912 2723 H
1928 2673 1936 2738 Ι
1967 2635 2230 2725 ostendere
2261 2675 2333 2725 H

893 2757 925 2808 6
958 2773 1004 2807 a.
1029 2759 1211 2808 docere
1246 2754 1363 2820 (for
1392 2757 1513 2806 dum
1546 2773 1593 2806 a.
1634 2756 1886 2814 docerem)
1927 2756 1997 2805 H

2539 2693 2566 2740 5
2602 2675 2664 2726 sit
2691 2676 2790 2742 (0st

2173 2769 2200 2820 7
2235 2757 2356 2806 dicit
2388 2773 2468 2806 om
2501 2757 2568 2806 H
2583 2756 2593 2818 Ι
2622 2774 2775 2823 prop-

1127 2841 1158 2888 8
1192 2839 1441 2904 quoslibet
1463 2838 1551 2889 sed
1572 2853 1654 2887 om
1676 2837 1744 2887 H
1759 2835 1767 2900 Ι
1797 2853 1904 2887 esse
1929 2853 2004 2887 ex.
2033 2853 2162 2903 quae
2184 2838 2254 2887 H
2297 2853 2360 2888 ex
2381 2838 2468 2904 qui
2491 2855 2524 2887 r
2722 2856 2776 2890 11

1607 2931 1665 2982 15
1700 2919 1854 2968 adicit
1883 2919 1927 2968 C
1943 2935 1976 2967 r

2195 2917 2254 2969 16
2287 2920 2622 2970 saecularibus
2653 2936 2732 2969 om
2755 2937 2789 2971 r

1677 3001 1736 3049 18
1769 2998 2028 3049 uoluntate
2051 2999 2166 3062 (for
2184 2999 2361 3050 uolunt
2382 3000 2518 3061 ante)
2547 3000 2592 3048 C
2609 3001 2679 3050 H
2689 3016 2722 3049 r
2745 2998 2756 3065 Ι

1629 3229 1782 3280 “siue
1821 3230 2190 3294 ‘praesentibus
2227 3231 2597 3283 multis’...siue
2625 3234 2783 3300 ‘quae

1621 3313 1744 3370 dixi,
1763 3313 1932 3362 multis
1947 3313 2303 3377 prophetarum
2320 3316 2561 3381 exemplis
2577 3323 2627 3366 et
2651 3317 2786 3368 testi-

1626 3395 1810 3444 moniis
1831 3393 2155 3444 confirmaui’
2177 3395 2206 3416 ”

1691 3490 1738 3541 9.
1797 3476 2043 3540 poterint]
2111 3475 2190 3526 Cf.
2226 3475 2426 3542 Bensly,
2461 3477 2540 3528 M.
2568 3479 2648 3540 F„
2693 3495 2782 3545 pp.

1629 3569 1708 3621 72,
1733 3559 1811 3607 88.

1698 3655 1772 3689 11.
1842 3647 1902 3688 tu
1941 3655 2056 3704 ergo
2097 3640 2378 3704 conlabora]
2429 3643 2495 3692 σὺ
2535 3637 2618 3691 οὖν
2663 3659 2784 3706 συγ-

1626 3717 2116 3781 κακοπᾶθησον-ὼε
2151 3723 2358 3788 reading
2387 3723 2448 3772 of
2474 3723 2652 3789 Chrys.
2679 3727 2784 3776 and

1624 3803 1814 3862 Thdt.;
1872 3804 1958 3854 the
1994 3805 2146 3854 Latin
2185 3805 2402 3855 versions
2436 3807 2566 3857 have
2601 3809 2786 3874 simply

1630 3888 1850 3938 “labora
1869 3886 1899 3911 ’⁹
1945 3888 2132 3954 (comp.
2178 3888 2213 3939 i.
2263 3889 2331 3950 8),
2384 3905 2444 3939 or
2497 3891 2782 3955 [Boemer.]

1634 3971 1648 3996 ‘
1658 3973 1671 3996 ‘
1679 3970 1983 4022 collabora.”

1695 4053 1772 4105 16.
1839 4071 1980 4105 nemo
2001 4055 2234 4105 militans
2248 4055 2374 4119 Deo]
2417 4057 2466 4106 It
2487 4072 2581 4108 can
2603 4058 2783 4125 hardly

1623 4136 1690 4186 be
1711 4135 1924 4202 thought
1947 4137 2056 4186 that
2087 4137 2206 4198 Th„
2232 4137 2355 4188 with
2376 4139 2431 4188 F
2449 4139 2549 4189 and
2579 4141 2637 4198 G,
2661 4142 2784 4192 read

1625 4237 1796 4282 στρατ.
1836 4219 1910 4282 τῷ
1940 4217 2048 4284 θεῷ’.
2125 4221 2238 4270 The
2268 4221 2434 4272 whole
2462 4239 2617 4285 verse,
2653 4241 2708 4274 as
2741 4226 2781 4276 it

1623 4301 1798 4352 stands
1847 4301 1900 4351 in
1955 4317 2046 4351 our
2090 4302 2400 4364 translation,
2437 4307 2481 4354 is
2521 4306 2781 4358 bon-owed

1621 4383 1752 4433 from
1775 4383 1862 4432 the
1884 4384 2055 4448 Vulg„
2077 4383 2200 4434 with
2223 4383 2307 4434 the
2329 4385 2489 4451 single
2515 4387 2707 4452 change
2729 4387 2790 4438 of

1618 4467 1812 4530 placeat
1829 4466 1938 4517 into
1959 4467 2045 4517 the
2066 4467 2394 4534 periphrastic
2408 4471 2600 4535 placen
2609 4473 2781 4538 possit.

2817 1529 2897 1576 10

2821 2106 2892 2175 15
