3250 5025
310 336 392 402 V.
435 335 560 450 14]

307 543 422 588 eas
451 543 494 588 a
524 523 731 587 nimia
763 523 1062 586 uanitate
1093 541 1411 597 coercere,
1443 530 1512 584 et
1550 527 1626 586 ut
1657 521 2026 604 cogitatum
2068 543 2261 588 suum
2305 522 2732 590 humiliantes

309 628 398 692 de
449 647 522 692 se
569 629 704 691 sint
755 626 1094 690 sollicitae.
1183 635 1457 708 propter
1501 624 1633 690 hoc
1679 645 1896 708 neque
1935 627 2021 690 de
2067 630 2475 711 presbyteris
2517 649 2733 714 neque

312 734 397 795 de
433 731 825 795 diaconibus
860 732 1088 795 dicens
1141 731 1381 794 aetatis
1423 739 1525 793 est
1567 738 1994 807 memoratuS,
2028 733 2144 795 sed
2193 734 2278 796 de
2326 733 2545 796 uiduis
2585 741 2733 797 tan-

311 845 475 913 tum,
507 857 681 919 quae
716 857 788 901 se
833 836 923 900 ob
968 835 1151 900 illam
1193 856 1463 900 causam
1519 855 1723 919 quam
1777 835 1923 898 dixi
1979 835 2045 899 in
2095 837 2328 900 ordine
2380 837 2733 900 uiduarum

310 940 597 1004 adscribi
629 941 1088 1024 deproperant.
1166 939 1462 1004 ostendit
1492 960 1651 1003 uero
1683 947 1751 1002 et
1780 959 2051 1002 causam
2082 940 2172 1003 ob
2204 961 2404 1024 quarn
2448 941 2735 1004 iuniores
2811 957 2841 1026 5

312 1044 552 1109 uiduas
599 1054 1028 1128 praeceperat
1079 1046 1354 1109 minime
1395 1045 1640 1128 recipi;
1696 1065 1831 1108 non
1878 1045 2036 1127 quia
2084 1065 2219 1109 non
2262 1046 2349 1109 sit
2398 1045 2613 1110 fidelis
2666 1054 2735 1108 et

313 1148 495 1211 utilis
548 1149 857 1213 iuuentus
905 1149 991 1212 ad
1041 1149 1265 1212 studia
1316 1150 1658 1226 uirtutum,
1710 1149 1828 1212 sed
1881 1149 2041 1231 quia
2093 1171 2227 1214 non
2276 1158 2738 1233 competenter

315 1253 567 1318 multae
611 1275 840 1318 earum
890 1255 956 1318 id
1007 1256 1253 1338 exequi
1295 1255 1647 1334 uidentur;
1697 1254 2018 1319 simulant
2070 1265 2138 1320 et
2187 1266 2415 1320 autern
2468 1277 2541 1320 se
2589 1276 2737 1338 per-

313 1356 547 1420 sistere
594 1359 662 1422 in
700 1359 1028 1422 uiduitate
1076 1379 1194 1441 spe
1240 1357 1353 1422 illa
1388 1357 1532 1422 sola
1577 1367 1652 1422 ut
1705 1357 2152 1423 ecclesiastico
2204 1369 2479 1445 sumptu
2529 1363 2737 1427 nutri-

316 1468 531 1526 antur.
2776 1475 2854 1523 10

1017 349 1101 400 IN
1152 349 1258 400 ΕΡ.
1304 349 1408 398 AD
1455 347 1925 400 ‘rmo‘mEuM
1968 349 2013 400 1.
2610 338 2723 418 165

449 1599 591 1662 uolo
645 1622 796 1684 ergo
857 1602 1140 1666 iuniores
1194 1603 1436 1668 uiduus
1495 1587 1741 1682 tuebere,
1800 1605 1993 1690 filios
2049 1617 2405 1690 procreare,
2468 1616 2738 1670 matres-

299 1704 624 1785 familias
649 1727 794 1768 esse.

448 1826 690 1906 quare?
719 1835 795 1889 ut
815 1825 1178 1890 iuuentutis
1203 1827 1492 1910 impetus
1513 1851 1669 1913 erga
1689 1830 2046 1912 plurimam
2068 1813 2598 1910 sollicitudinem,
2622 1833 2737 1897 sed

317 1939 702 2010 occupatae,
731 1931 943 2012 possit
973 1951 1412 2014 compescere.
1504 1934 1633 1998 hoc
1662 1945 1888 1999 autem
1920 1945 2065 1999 erat
2087 1955 2222 1999 non
2254 1947 2329 2000 ut
2362 1937 2737 2000 iuueniores

317 2030 556 2094 uiduas
587 2052 628 2094 a
657 2033 980 2098 uirtutum
1023 2035 1258 2098 studiis
1298 2033 1704 2113 excluderet,
1735 2038 1854 2101 sed
1901 2047 1977 2101 ut
2008 2039 2222 2121 magis
2264 2058 2378 2101 eas
2411 2040 2740 2103 inuitaret.
2778 2062 2849 2130 15

317 2135 434 2216 qui
465 2137 643 2198 enim
690 2138 957 2201 dixerat
987 2159 1122 2202 non
1169 2148 1474 2222 oportere
1511 2139 1659 2204 illas
1694 2162 1867 2224 quae
1913 2162 2034 2206 nec
2075 2151 2298 2206 aetate
2330 2163 2452 2205 nec
2484 2142 2742 2205 uirtuti-

319 2240 446 2304 bus
477 2253 633 2307 sunt
674 2245 958 2307 uestitae
990 2244 1055 2305 in
1093 2244 1324 2308 ordine
1361 2242 1568 2328 recipi
1604 2246 1957 2309 uiduarum
2006 2246 2267 2309 illarum
2310 2267 2483 2329 quae
2531 2246 2743 2310 eccle-

319 2347 588 2410 siastico
629 2355 901 2429 sumptu
947 2345 1230 2424 aluntur,
1283 2349 1410 2410 ista
1450 2369 1610 2411 uero
1660 2349 1889 2412 dicens
1930 2350 2373 2432 praeparabat
2414 2371 2527 2414 eas
2567 2358 2643 2414 ut
2676 2351 2742 2414 id

322 2471 457 2515 non
501 2453 1016 2535 adtemptarent.
1105 2453 1851 2517 conuenienter—dicta
1909 2453 2091 2517 enim
2153 2453 2327 2519 illius
2388 2455 2502 2520 illa
2554 2455 2742 2538 cupit

320 2576 440 2637 per
491 2557 718 2618 omnia
769 2556 1162 2620 confirmare
1210 2566 1286 2621 ut
1339 2557 1451 2621 illa
1496 2578 1671 2641 quae
1712 2566 2027 2640 oportent
2069 2559 2471 2624 custodiant.
2561 2560 2743 2623 unde
2775 2586 2860 2635 20

322 2678 406 2722 ne
459 2659 794 2722 uideretur
844 2661 929 2723 ad
977 2659 1249 2742 plenum
1288 2661 1586 2725 deuitare
1640 2660 2011 2724 iuueniores
2047 2661 2287 2725 uiduas
2334 2683 2506 2745 quae
2547 2671 2746 2727 caute

321 2762 532 2825 uitam
566 2782 755 2825 suam
787 2763 1160 2841 instituunt,
1191 2766 1520 2847 sequitur:

423 2932 454 2980 3
487 2923 675 2965 aetates
697 2915 766 2965 H
970 2929 998 2981 5
1033 2923 1083 2967 et
1104 2933 1184 2967 om
1214 2918 1260 2966 C
1277 2919 1428 2979 (corr)
1452 2935 1481 2966 r
1714 2918 1747 2968 6
1780 2920 1957 2971 uiduas
1977 2936 2057 2970 om
2080 2936 2113 2969 r
2352 2934 2407 2969 11
2445 2927 2613 2970 autem
2639 2918 2753 2985 (sor

323 2998 462 3061 ergo)
489 2998 556 3045 H
643 3034 650 3043 .
713 3015 773 3060 14
804 2997 894 3047 sed
919 2998 1025 3061 (bqf
1033 2997 1231 3064 occup.)
1256 3015 1334 3050 om
1357 3001 1427 3049 rl
1449 2998 1458 3065 Ι
1487 3008 1759 3067 occupatus
1781 3018 1814 3048 r
1836 3001 1845 3064 1
1876 3002 2066 3068 possint
2086 3004 2113 3052 l
2136 3000 2146 3067 Ι
2174 3001 2391 3051 iuniores
2410 3001 2479 3051 H
2492 3018 2525 3051 r
2689 3013 2748 3064 17

322 3078 507 3129 uirtute
533 3079 646 3143 (fhr
662 3080 892 3139 nestitae)
921 3081 963 3130 C
970 3079 999 3106 ⁵
1022 3080 1091 3130 H
1145 3090 1350 3132 ornatae
1377 3084 1422 3133 C
1443 3082 1589 3149 (corr)
1613 3100 1648 3132 r
1674 3082 1684 3148 1
1709 3084 1938 3135 ordinem
1961 3101 1996 3135 r
2150 3099 2209 3149 19
2240 3085 2353 3135 illas
2376 3086 2495 3149 (sor
2513 3084 2666 3146 illius)
2689 3086 2759 3134 H

327 3171 390 3209 το
421 3168 620 3225 oportet
643 3176 676 3209 r
869 3176 926 3211 αι
964 3177 1067 3211 non
1097 3160 1211 3225 (sor
1230 3163 1314 3224 ne)
1337 3179 1369 3212 r
1393 3160 1403 3228 Ι
1432 3163 1652 3215 iuniores
1672 3181 1706 3213 r
1900 3181 1960 3216 αα
1995 3164 2179 3216 adiecit
2197 3165 2313 3230 (for
2331 3166 2575 3231 sequitur)
2597 3166 2667 3214 H

395 3326 439 3361 1.
533 3308 800 3373 cogitatum
858 3324 900 3357 s.
963 3308 1307 3369 humiliantes]
1397 3308 1477 3359 ef.

323 3400 496 3457 supra,
521 3408 570 3455 p.
605 3390 712 3454 163,
741 3390 774 3441 l.
809 3406 884 3453 ¹5·

1584 3310 1785 3359 nestitae
1804 3309 1967 3374 might
1997 3308 2153 3375 easily
2173 3310 2305 3361 have
2326 3312 2455 3361 been
2478 3312 2751 3361 converted

1587 3392 1698 3440 into
1742 3392 1941 3451 πίνεται,
1991 3391 2078 3441 the
2122 3408 2260 3443 more
2294 3408 2351 3442 so
2387 3408 2442 3442 as
2478 3392 2565 3442 the
2596 3392 2750 3457 slight

392 3490 441 3523 α.
507 3488 663 3537 neque
697 3472 756 3521 de
790 3471 1106 3537 presbyteris]
1169 3471 1266 3522 See
1305 3472 1481 3531 above,

328 3571 396 3606 on
421 3571 466 3605 v,
497 3570 546 3620 9.

397 3653 473 3687 11.
544 3634 786 3697 iuniores]
855 3635 987 3685 Cod.
1035 3635 1224 3684 Amiat.
1252 3634 1344 3684 has
1369 3636 1490 3684 here

325 3717 416 3770 the
439 3720 567 3769 form
597 3719 633 3744 “
649 3716 931 3767 iuueniores
945 3715 976 3739 ”
1002 3717 1084 3777 (cf.
1103 3725 1274 3782 supra,
1297 3732 1345 3781 p.
1380 3716 1488 3783 163,

327 3803 362 3851 1.
391 3817 418 3864 5
443 3800 543 3849 and
567 3799 713 3864 again
734 3799 916 3860 below,
943 3798 979 3848 1.
1006 3801 1106 3862 21).

411 3883 596 3931 Viduas
644 3881 686 3931 is
725 3880 938 3931 omitted
969 3883 1038 3945 by
1081 3883 1167 3931 the
1200 3880 1352 3932 Latin
1381 3898 1486 3931 ver-

333 3961 490 4020 sions;
527 3962 618 4011 but
658 3963 813 4025 χήρας
843 3962 886 4011 is
913 3962 1071 4012 found
1095 3962 1147 4011 in
1180 3963 1267 4011 the
1301 3969 1406 4011 text
1439 3961 1499 4012 of

335 4042 516 4107 Chrys.
561 4042 663 4091 and
708 4042 882 4102 Thdt.‚
933 4043 1035 4092 and
1085 4058 1190 4092 was
1233 4041 1491 4093 doubtless

332 4128 455 4177 reads
475 4127 542 4190 by
563 4126 663 4177 Th.

400 4224 474 4273 13.
549 4207 970 4271 ut...compescere]
1022 4206 1288 4257 Lanfranc.
1333 4206 1434 4256 Sed
1437 4228 1482 4250 =

328 4306 407 4351 γε.
481 4288 557 4339 Or
577 4290 696 4339 read
720 4287 1076 4352 redoccupatae.

398 4385 474 4436 17.
543 4372 763 4434 nestitae]
831 4371 857 4421 1
877 4373 1039 4437 prefer
1062 4373 1161 4423 this
1184 4379 1239 4422 to
1257 4372 1341 4423 the
1369 4388 1486 4423 con·

1587 3472 1956 3521 awkwardness
1977 3472 2037 3521 of
2053 3472 2138 3521 the
2160 3474 2299 3523 word
2332 3473 2386 3521 in
2414 3473 2515 3523 this
2547 3481 2750 3524 context

1589 3552 1758 3602 would
1780 3552 1908 3602 have
1931 3552 2013 3601 led
2037 3553 2123 3601 the
2145 3552 2331 3603 scribes
2354 3562 2409 3603 to
2430 3562 2631 3619 suspect
2654 3555 2709 3605 it.

1661 3649 1738 3701 19.
1804 3631 2177 3697 adtemptarent.
2242 3634 2602 3695 conuenienter,
2630 3634 2757 3697 δια]

1591 3716 1737 3765 Read
1760 3715 1975 3780 perhaps
2010 3716 2373 3781 adtemptarmt
2401 3716 2749 3766 inconsentien-

1591 3802 1667 3846 ter
1679 3814 1701 3855 ,-
1733 3796 1881 3854 dicta,
1905 3796 1997 3847 ἃς.

1658 3894 1739 3929 21.
1806 3894 1871 3928 ne
1889 3878 2143 3927 ra‘deretur
2159 3878 2467 3945 adplenum,
2493 3880 2611 3944 δῖα]
2664 3880 2749 3933 cf.

1590 3960 1792 4024 Chrys-2
1826 3961 1998 4008 κωλύει
2016 3961 2171 4009 τοίνυν
2194 3957 2283 4011 τὰς
2306 3963 2461 4024 χήρας
2480 3958 2563 4013 τὰς
2590 3964 2749 4012 τοιαύ-

1589 4057 1692 4102 τας,
1721 4043 1776 4089 οὐ
1796 4042 2084 4103 βουλόμενος
2098 4042 2167 4103 μὴ
2190 4043 2312 4092 εἶναι
2326 4041 2483 4106 χήρας
2498 4046 2749 4107 νεωτέρας,

1590 4122 1725 4174 ἀλλὰ
1752 4122 1823 4185 μὴ
1854 4124 2148 4188 βουλόμενος
2172 4129 2466 4189 μοιχαλίδας
2498 4128 2751 4181 εἶναι...ὥς

1592 4210 1640 4257 εἰ
1677 4208 1749 4269 μὴ
1786 4205 2003 4257 τοιοῦτον
2050 4210 2250 4271 ἐγένετο,
2292 4212 2377 4260 οὐκ
2418 4208 2477 4261 ἂν
2520 4213 2747 4266 ἐκώλυεν.

1594 4290 1775 4339 Ambr.
1809 4290 1869 4341 de
1894 4290 1997 4341 uid.
2030 4306 2093 4340 2:
2134 4294 2287 4342 “non
2314 4300 2438 4359 puto
2464 4296 2601 4358 quod
2624 4296 2752 4346 iuni·

1591 4389 1705 4424 ores
1739 4374 2045 4424 reuocandas
2088 4375 2274 4439 putarit
2308 4392 2342 4426 a
2374 4377 2636 4428 uiduitatis
2679 4378 2751 4428 af·

323 4452 517 4517 jecture
572 4453 632 4504 of
669 4454 756 4505 the
806 4453 994 4505 Corbie
1041 4459 1306 4517 corrector,
1349 4452 1490 4503 since
1589 4454 1777 4505 sectu.''
1844 4455 1979 4506 Both
2015 4456 2133 4509 Chr.
2174 4458 2276 4509 and
2312 4458 2490 4511 Ambr.
2530 4460 2630 4512 cite
2664 4460 2752 4511 the
