3250 5025
358 396 488 466 VI.
531 395 658 484 17³]
1017 428 1022 432 ·
1083 409 1170 462 m
1219 412 1328 464 ΕΡ.
1373 411 1478 462 AD
1521 410 1991 466 ΤῙΜοτΗΕυΜ
2037 414 2103 468 1.·
2652 401 2777 486 185

361 585 554 650 deret
613 607 704 650 ex
761 583 892 650 hoe
948 585 1268 669 quoniam
1329 605 1563 651 omnes
1622 586 1939 670 subiugat
1996 595 2069 652 et
2114 595 2357 671 potens
2415 596 2519 653 est
2578 588 2781 654 etiam

364 687 728 758 daemones
759 687 1115 771 subiugare
1145 696 1215 752 et
1245 698 1532 753 mortem
1569 689 1865 754 adimere
1898 697 1964 754 et
1996 691 2222 755 omnia
2252 690 2365 755 illa
2396 688 2785 774 intercipere

363 813 537 877 quae
567 812 690 856 nos
721 793 807 855 ad
853 809 1168 872 praesens
1211 789 1560 874 adfligunt.
1650 791 1805 855 ideo
1850 801 1919 856 et
1953 792 2207 857 ‘solum
2230 795 2246 820 ’
2278 794 2457 859 dixit
2498 793 2785 858 ‘habere

365 895 951 972 inmortalitatem‚'
982 915 1066 959 eo
1097 895 1279 979 quod
1321 896 1655 968 sufficiens
1690 896 1779 959 sit
1820 896 2013 961 nobis
2051 896 2182 962 hoc
2219 907 2561 981 praestare
2601 897 2785 981 quod

363 999 506 1082 ipse
552 1000 733 1064 solus
768 999 1068 1083 possidet
1112 999 1180 1062 in
1221 1009 1476 1078 natura,
1527 1021 1569 1064 a
1615 999 1803 1064 nullo
1848 1000 1981 1064 alio
2026 1001 2399 1069 adsecutuS.
2487 1011 2557 1068 et
2601 1001 2782 1086 quod
2858 1013 2891 1081 5

365 1103 545 1167 dixit
604 1102 866 1166 ‘lumen
924 1101 1240 1166 habitans
1301 1099 1791 1181 inaccessibile,’
1859 1102 2437 1169 confirmationem
2508 1104 2785 1182 haben3‚

361 1205 544 1288 ¹quod
595 1205 660 1269 in
709 1205 1020 1269 inmenso
1057 1206 1355 1289 quodam
1397 1204 1655 1270 lumine
1700 1212 1771 1269 et
1817 1205 2255 1271 inaccessibili
2300 1206 2633 1291 persistat,
2664 1211 2780 1293 qui

362 1308 568 1372 etiam
607 1317 675 1372 et
719 1329 880 1373 uera
923 1309 1179 1375 ratione
1215 1310 1536 1374 iustorum
1583 1329 1865 1392 corpora
1908 1309 2159 1375 lumine
2204 1312 2403 1376 faciet
2433 1311 2783 1379 inlustrari.

361 1411 483 1474 sed
521 1419 589 1474 et
630 1410 797 1475 illud
827 1412 1009 1495 quod
1051 1411 1270 1477 dixit:
1337 1433 1523 1495 quem
1557 1410 1743 1500 uidet
1782 1410 2121 1478 hominum
2168 1434 2351 1479 nemo
2407 1435 2520 1480 nec
2565 1415 2787 1480 uz‘clere

345 1525 572 1600 potest,
602 1526 677 1579 ut
717 1516 1032 1580 ostendat
1071 1517 1390 1600 quoniam
1420 1520 1436 1548 ‘
1457 1515 1623 1580 nihil.
1653 1515 2093 1582 demiratione
2139 1518 2419 1601 dignum
2450 1527 2554 1583 est
2584 1519 2638 1582 si
2670 1517 2784 1584 illa
2816 1533 2897 1582 10

363 1641 536 1704 quae
565 1629 726 1692 tunc
756 1641 915 1704 erga
943 1640 1066 1683 uos
1107 1627 1300 1683 erunt
1336 1618 1423 1682 ad
1468 1638 1793 1702 praesens
1824 1639 1960 1682 non
2008 1620 2365 1684 uideantur
2385 1641 2403 1700 ;
2448 1621 2781 1705 siquidem
2872 1667 2875 1671 -

363 1734 434 1789 et
465 1726 606 1808 ipse
636 1725 749 1808 qui
781 1725 976 1788 nobis
1021 1725 1151 1788 ista
1192 1723 1572 1787 conlaturus
1613 1731 1718 1788 est
1758 1723 2109 1789 inuisibilis
2149 1724 2345 1788 nobis
2385 1727 2639 1790 existat
2662 1747 2785 1810 per

364 1825 748 1892 naturaml*
813 1827 1038 1910 sicque
1059 1848 1255 1891 suum
1279 1847 1653 1891 sermonem
1680 1825 2049 1892 futurorum
2074 1827 2577 1894 confirmatione
2602 1831 2785 1896 uisus

365 1940 466 1996 est
496 1943 1015 2008 consummasse,
1047 1941 1124 1996 ut
1156 1932 1368 2015 magis
1409 1930 1723 1996 suaderet
1765 1930 2129 1996 Timotheo
2166 1930 2512 2016 inuigilare
2551 1933 2639 1998 de
2678 1934 2783 2000 his

364 2054 537 2117 quae
567 2035 693 2099 sibi
737 2044 897 2101 sunt
931 2035 1197 2118 scripta.
1285 2035 1530 2099 adiecit
1568 2055 1730 2100 uero
1770 2043 1841 2100 et
1871 2034 1958 2100 de
1999 2035 2335 2116 diuitibus,
2370 2037 2783 2120 perspiciens
2818 2047 2891 2116 15

365 2139 686 2222 quoniam
715 2139 893 2204 hoc
874 2161 942 2203 in
991 2140 1215 2204 media
1243 2148 1434 2223 parte
1475 2137 1804 2222 epistolae
1848 2137 2069 2204 dicere
2098 2140 2639 2224 praetermiserat
2668 2141 2783 2207 ubi

364 2242 453 2312 de
483 2244 722 2309 ceteris
751 2243 1214 2329 disputauerat
1244 2243 1333 2308 ad
1364 2263 1557 2308 eum:

493 2370 876 2436 diuitibus
844 2393 916 2437 m
949 2370 1110 2456 [hoe]
1141 2372 1388 2436 saeculo
1401 2371 1699 2457 praeczpe
1726 2393 1852 2438 nvn
1881 2373 2094 2440 altum
2122 2385 2354 2459 sapere.

368 2538 586 2640 c‘qcavdv
629 2544 822 2608 τοῦτο
867 2540 1021 2627 ἡμῖν
1063 2549 1468 2636 παρασχεῖν·
1513 2546 1622 2612 καὶ
1665 2545 1740 2613 τὸ
1768 2550 1915 2627 <binc
1947 2548 2017 2615 δὲ
2054 2548 2247 2615 οἷκῶΝ
2288 2548 2634 2638 ἇπρόοιτοκ,
2667 2546 2783 2614 σύ-

363 2669 610 2710 στασιν
631 2643 789 2734 ἔχον
810 2648 930 2711 τοῦ
946 2647 1016 2713 ἐν
1037 2645 1268 2735 ἀφάτῳ
1288 2648 1420 2715 τινὶ
1441 2648 1552 2725 καὶ
1573 2647 1922 2738 α’προσίτῳ
1945 2652 2365 2743 τυγχάνοντα
2387 2652 2558 2739 φωτὶ
2581 2651 2783 2724 ὄντως
2810 2673 2898 2727 20

365 2746 444 2829 δὴ
477 2746 768 2835 φωτεινὰ
792 2745 902 2814 καὶ
931 2751 1062 2815 τῶν
1090 2749 1359 2816 δικαίων
1386 2750 1698 2834 ποιήσειν
1726 2752 1812 2819 τὰ
1849 2754 2149 2839 σώματα·
2193 2752 2396 2826 οὕτως
2434 2754 2551 2823 καὶ
2586 2754 2661 2824 τὸ
2700 2758 2779 2824 dn

363 2845 523 2915 εἶὸεκ
579 2848 776 2925 ογᾏεὶο
833 2851 1197 2939 ἇΝθρὼπωΝ
1259 2852 1406 2931 οῖ’ὶιε
1457 2853 1606 2921 heiu
1666 2860 1925 2936 ΔΫΝαται,
1978 2857 2152 2923 ὥστε
2200 2856 2409 2942 δεῖξαι
2446 2855 2553 2926 ὅτι
2595 2856 2783 2926 οὐδὲν

362 2950 746 3035 θαυμαστὸν
790 2951 880 3037 μὴ
935 2955 1289 3041 φαίνεσθαι
1339 2960 1452 3023 νῦν
1502 2956 1604 3023 τὰ
1634 2958 1786 3025 τότε
1832 2958 1987 3048 περὶ
2036 2960 2210 3043 ἡμᾶς
2264 2958 2559 3044 ἐσόμενα,
2612 2959 2784 3027 ὅπου

362 3080 440 3141 «γε
467 3054 580 3121 καὶ
615 3053 810 3126 αὐτὸς
838 3054 887 3123 ὃ.
904 3056 1152 3124 τούτων
1181 3058 1388 3129 αἴτιος
1417 3057 1699 3149 ἀόρατος
1727 3060 1886 3145 ἡμῖν
1914 3060 2137 3144 πάντη
2167 3060 2287 3145 τὴν
2318 3061 2526 3151 φύσιν
2558 3063 2757 3133 ἐστίν.

461 3234 495 3279 4
527 3217 676 3269 nobis
695 3219 760 3270 sit
782 3236 816 3270 r
1058 3233 1086 3287 7
1118 3224 1174 3271 in
1193 3238 1273 3273 om
1301 3222 1354 3272 C
1363 3239 1397 3273 r
1418 3220 1428 3289 Ι
1457 3192 1799 3275 inaccessibile
1827 3224 1906 3275 C*
1928 3226 1999 3275 H

363 3298 500 3360 quod
521 3314 600 3347 om
627 3300 672 3349 C
690 3315 724 3349 r
953 3315 1015 3352 10
1044 3303 1184 3353 nulla
1207 3302 1322 3367 (sor
1338 3303 1486 3365 nihil)
1515 3304 1560 3353 C
1578 3320 1612 3355 r

365 3379 990 3447 etait(afleum)addr‘
1171 3386 1232 3437 18
1263 3384 1463 3435 hocom
1491 3386 1625 3437 CH

2228 3226 2499 3276 8etomr
2750 3242 2795 3295 9·

1808 3317 1867 3370 15
1901 3302 2535 3371 suntomHladicitCr
2723 3320 2782 3373 1⁷

438 3529 484 3583 7.
589 3523 648 3571 in
679 3522 903 3573 ἕκαστον
933 3524 1146 3589 quodam
1177 3524 1385 3583 lumine,
1408 3525 1524 3591 &c.]
1623 3527 1795 3593 cupies
1816 3543 1874 3577 so
1895 3526 2168 3593 important
2188 3543 2221 3577 a
2242 3526 2403 3592 place.

368 3602 553 3667 Comp.
577 3604 676 3653 Th.
699 3619 767 3654 on
788 3606 1103 3656 Ps-xvii.12
1139 3604 1352 3671 (Migne,
1378 3606 1522 3671 664)·
1696 3624 1773 3659 11.
1816 3608 2253 3673 siqnidematpse]
2287 3606 2471 3671 Comp.
2488 3606 2577 3657 the
2598 3622 2781 3659 comm.

367 3688 480 3746 περὶ
523 3683 667 3735 αὐτον
713 3688 764 3735 δὲ
817 3683 850 3747 ἡ
895 3684 1080 3747 σκηνὴ
1128 3687 1310 3737 αὐτοῦ
1351 3685 1424 3748 ἦν·
1470 3684 1526 3737 ἵν’

368 3767 500 3829 εἴη),
523 3766 582 3815 τὰ
602 3766 718 3829 φῶς.
785 3766 845 3819 ὥς
871 3770 952 3818 καὶ
982 3766 1008 3817 ὁ
1039 3786 1156 3829 μακ.
1189 3766 1382 3819 Παῦλος
1415 3770 1528 3833 περὶ

369 3850 519 3899 αὐτοῦ
543 3854 708 3912 φησίν,
747 3848 875 3913 ’φῶς
904 3848 1046 3902 οἰκῶν
1077 3849 1376 3915 ἀπρόσιτον)
1439 3854 1529 3913 τῆς

367 3926 471 3995 γὰρ
513 3927 662 3991 αὐτῆς
703 3934 887 3983 ἑννοίας
928 3934 1097 3996 ἔχεται
1135 3931 1402 3997 ἀμφότεροι·
1438 3932 1526 3983 ὤσ-
1581 3978 1588 3983 .

370 4029 464 4076 περ
505 4010 600 4076 γὰρ
642 4014 745 4075 φῶς
787 4016 932 4065 οἰκεῖν
981 4017 1201 4078 λέγεται,
1246 4015 1394 4067 οὕτως
1445 4018 1528 4066 καὶ

371 4092 406 4155 ὴ
439 4092 609 4155 ’σκηνὴ
649 4096 738 4145 τοῦ
780 4096 892 4145 θεοῦ
931 4098 1130 4158 λέγοιτο
1171 4096 1230 4147 ἂν
1271 4101 1438 4162 κυρίως
1468 4098 1530 4149 r&

373 4174 494 4240 φῶς.
567 4176 681 4227 The
735 4192 912 4227 reason
964 4177 1114 4243 given
1170 4178 1222 4229 in
1277 4180 1363 4231 the
1416 4196 1528 4245 pre·

373 4267 484 4309 sent
520 4267 774 4309 comment
811 4259 889 4309 for
921 4260 1008 4311 the
1043 4261 1266 4312 mention
1304 4262 1364 4312 os
1399 4261 1529 4327 light

373 4340 428 4391 in
468 4341 749 4391 connexion
793 4342 918 4393 with
963 4342 1082 4393 God
1123 4342 1168 4393 is
1208 4343 1431 4407 peculiar
1474 4351 1530 4394 to

372 4422 473 4473 Th.
506 4424 610 4473 and
641 4424 1010 4475 characteristic
1047 4424 1107 4475 of
1130 4424 1211 4475 his
1243 4433 1443 4489 system,
1475 4424 1530 4476 in

374 4503 540 4555 which
573 4506 660 4557 the
692 4508 1019 4557 resurrection
1058 4504 1116 4557 of
1154 4507 1242 4559 the
1272 4508 1410 4571 body
1445 4522 1528 4558 oc-

1625 3705 1695 3741 on
1728 3690 1843 3739 Col.
1865 3689 1937 3739 iii.
1963 3704 1991 3753 3
2028 3690 2088 3753 (1.
2112 3706 2164 3755 p.
2189 3688 2324 3756 299).
2390 3688 2468 3738 As
2500 3694 2555 3737 to
2586 3688 2673 3739 the
2706 3688 2781 3738 in-

1625 3769 1868 3834 visibility
1888 3770 1951 3820 of
1974 3770 2091 3821 God
2114 3786 2197 3820 see
2229 3770 2315 3820 the
2346 3784 2531 3820 comm.
2566 3784 2635 3818 on
2668 3770 2782 3819 Col.

1624 3850 1661 3901 i.
1692 3864 1767 3915 15,
1790 3853 1891 3901 and
1914 3860 2075 3902 notes.

1697 3934 1775 3983 18.
1830 3932 1891 3981 in
1922 3933 2011 3982 hoc
2044 3930 2253 3993 saeculo]
2316 3931 2369 3981 ἐν
2402 3927 2475 3993 τῷ
2510 3928 2595 3981 νῦν
2629 3926 2783 3980 αἰῶνι.

1626 4014 1740 4065 The
1762 4014 2001 4065 omission
2023 4015 2084 4066 os
2096 4015 2182 4065 hoc
2202 4015 2253 4063 in
2276 4014 2362 4065 the
2386 4021 2493 4065 text
2523 4014 2567 4065 is
2598 4015 2785 4081 clearly

1628 4097 1933 4158 accidenta13
1965 4114 2048 4149 see
2064 4104 2183 4149 next
2198 4096 2317 4148 line.
2373 4098 2525 4148 Latin
2537 4098 2778 4161 versions,

1636 4176 1831 4227 “huius
1853 4178 2027 4227 mundi
2046 4195 2088 4228 s.
2105 4178 2287 4229 saeculi
2304 4176 2332 4201 ”
2355 4174 2462 4242 (τοῦ
2479 4176 2563 4228 νῶν
2580 4176 2783 4243 αἰῶνος).

1628 4260 1811 4311 Altum
1832 4267 1999 4325 sapere
2000 4276 2026 4321 ,·
2054 4260 2201 4310 Latin
2230 4260 2469 4322 vei-siens,
2509 4261 2781 4326 “superbe,

1624 4340 1845 4391 sublime
1886 4338 2113 4407 sapere.”
2199 4340 2278 4391 cf.
2323 4340 2496 4392 Tisch.
2538 4342 2613 4391 ad
2647 4340 2783 4391 hd..-

1632 4426 1900 4474 “ceterum
1946 4424 2097 4473 Rom.
2136 4422 2200 4473 xi.
2247 4438 2313 4476 20
2352 4421 2523 4475 Latini
2560 4423 2785 4493 plerique
2837 4487 2847 4495 ,

1630 4506 1792 4556 altum
1812 4513 1977 4572 sapere
1993 4503 2230 4559 habent-'⁹
