3250 5025
493 319 614 382 126
1167 326 1623 379 THEODORUS
1670 321 2255 376 MOPSUESTENUS
2656 302 2809 387 [ΙΙΙ.
2845 305 2901 366 8.

483 505 551 568 ἰη
605 511 912 586 apertum
967 501 1374 566 consisteret.
1468 498 1957 563 intendendum
2012 516 2173 560 uero
2222 503 2324 558 est
2376 494 2464 557 de
2508 504 2731 558 cetero
2777 493 2907 556 illis

483 629 657 690 quae
709 609 794 672 de
843 607 1238 672 diaconibus
1291 607 1472 681 dicit,
1527 626 1683 669 cum
1732 604 2009 669 euidens
2062 602 2152 666 sit
2206 599 2389 678 illud,
2428 599 2749 682 quoniam
2793 598 2907 662 illa

482 731 656 793 quae
703 711 788 774 de
838 712 1165 794 episcopis
1197 711 1379 774 dicta
1423 718 1599 788 sunt,
1634 709 1720 772 de
1768 706 1895 770 illis
1942 706 2055 790 qui
2102 725 2278 768 nunc
2324 705 2693 787 presbyteri
2743 724 2911 767 nun-

485 823 815 896 cupantur
869 812 1080 877 uoluit
1133 812 1504 896 significari.
1623 831 1797 894 quae
1843 808 1950 873 uel
2014 808 2314 872 maxime
2366 807 2774 898 conueniunt
2818 806 2906 870 ad

427 937 799 1006 5praesens
845 926 919 980 ut
965 936 1119 979 cum
1167 916 1350 978 omni
1393 913 1745 997 diligentia
1789 913 2231 976 obseruentur
2270 911 2358 973 ab
2402 910 2529 972 illis
2574 909 2687 992 qui
2732 929 2907 973 nunc

487 1020 781 1103 episcopi
829 1027 1312 1106 nuncupantur,
1345 1028 1538 1082 tanto
1577 1017 1899 1080 intentius
1930 1023 2185 1097 quanto
2216 1023 2286 1076 et
2318 1013 2636 1076 maiorem
2671 1011 2908 1076 functi-

486 1145 685 1188 onem
733 1125 1162 1188 commissam
1211 1121 1458 1185 habere
1506 1122 1835 1185 uidentur.
1924 1119 2083 1202 quid
2138 1140 2300 1201 ergo
2351 1117 2553 1181 dicit:
2610 1117 2908 1180 diaconos

485 1228 843 1291 similiter?
920 1225 1106 1289 illum
1139 1224 1441 1288 ordinem
1475 1223 1964 1306 propemodum
2012 1228 2081 1284 et
2126 1219 2257 1284 hoc
2302 1221 2371 1283 in
2416 1219 2566 1283 loco
2607 1240 2907 1283 seruasse

489 1329 754 1395 uidetur
783 1352 983 1414 quem
1015 1331 1102 1394 de
1149 1329 1534 1393 mulieribus
1579 1329 1848 1393 dixerat
1890 1337 1956 1390 et
1995 1327 2167 1390 uiris.
2259 1346 2417 1390 nam
2466 1334 2535 1391 et
2577 1325 2690 1389 illa
2736 1345 2909 1408 quae

386 1455 467 1504 10
487 1433 575 1496 de
620 1435 776 1498 uiris
821 1437 1127 1517 primitus
1171 1434 1418 1510 dicenS,
1471 1433 1758 1497 adiecit:
1816 1431 2129 1496 similiter
2168 1441 2384 1495 autem
2445 1439 2509 1494 et
2560 1430 2857 1494 mulieres
2877 1453 2907 1504 ,-

489 1537 851 1600 ostendens
896 1538 1214 1620 quoniam
1269 1536 1382 1599 illa
1431 1556 1603 1618 quae
1644 1537 1969 1599 uirtutum
2030 1543 2204 1610 sunt,
2251 1554 2608 1597 commune
2652 1534 2739 1597 ad
2794 1554 2907 1596 eos

489 1640 636 1705 uult
666 1644 1010 1724 pertinere.
1102 1641 1230 1705 hoc
1272 1641 1452 1704 idem
1502 1661 1661 1704 uero
1708 1639 1864 1703 fecit
1902 1647 1969 1702 et
2006 1638 2135 1702 hoc
2175 1638 2244 1701 in
2293 1637 2443 1701 loco
2466 1659 2482 1715 3
2528 1638 2757 1700 dicens
2798 1635 2911 1700 illa

489 1764 662 1825 quae
693 1755 852 1809 tunc
883 1746 966 1809 de
999 1745 1326 1828 episcopis
1356 1745 1622 1808 dixerat
1652 1745 1767 1826 qui
1799 1763 1973 1807 nunc
2005 1743 2434 1806 nominantur
2462 1747 2479 1774 ‘
2502 1741 2909 1825 presbyteri,'

489 1848 734 1912 adicit:
775 1848 1075 1914 diaconos
1114 1849 1426 1913 similiter
1440 1873 1471 1924 ,·
1516 1847 1646 1912 hoc
1689 1857 1807 1925 est,
1857 1855 1873 1882 ‘
1898 1849 2209 1912 uniuersa
2246 1868 2419 1930 quae
2466 1847 2553 1910 ad
2596 1848 2910 1912 uirtutem

391 1972 462 2040 15
491 1951 841 2033 pertinent,
875 1952 1180 2017 similiter
1209 1961 1278 2017 et
1307 1953 1412 2018 his
1453 1954 1691 2018 adesse
1720 1952 1952 2036 cupio!
2028 1953 2273 2017 deinde
2303 1953 2509 2017 adicit
2536 1977 2549 2017 :

605 2110 895 2192 pudicos.

626 2239 800 2303 iusta
821 2240 1093 2317 ratione,
1121 2261 1201 2304 eo
1221 2237 1403 2323 quod
1425 2241 1833 2304 mediatores
1857 2241 2129 2323 quidem
2156 2250 2223 2304 et
2250 2239 2537 2304 ministri
2560 2236 2914 2301 functionis

493 2340 920 2406 sacerdotalis
969 2362 1102 2406 non
1147 2342 1363 2405 solum
1411 2363 1568 2426 erga
1615 2344 1792 2406 uiros
1839 2352 2027 2407 erant
2075 2343 2194 2407 sed
2237 2351 2305 2408 et
2354 2363 2511 2426 erga
2564 2341 2872 2406 mulieres
2899 2361 2915 2416 ;

496 2446 861 2510 necessarie
893 2467 1054 2531 ergo
1084 2466 1199 2512 eos
1231 2445 1402 2510 tales
1434 2466 1579 2509 esse
1610 2444 2073 2510 conueniebat.

387 2626 475 2675 20
627 2623 752 2665 non
785 2602 1116 2685 bilingyces.

624 2739 692 2793 et
736 2728 864 2793 hoc
916 2731 1088 2794 iusta
1130 2730 1289 2794 dicit
1338 2730 1593 2794 ratione
1619 2748 1635 2806 ;
1680 2730 1736 2793 si
1782 2731 1961 2793 enim
2008 2730 2315 2795 deferunt
2361 2730 2475 2795 illa
2514 2750 2687 2813 quae
2727 2747 2914 2792 man-

497 2833 742 2897 dantur
800 2854 840 2897 a
899 2835 1304 2916 presbyteris
1364 2835 1505 2898 siue
1567 2834 1723 2898 uiris
1784 2836 1925 2899 siue
2000 2835 2386 2900 mulieribus
2444 2836 2530 2899 ad
2606 2856 2773 2918 quos
2848 2842 2915 2897 et

605 3002 623 3035 ι
663 2984 929 3034 consistere
953 2985 1019 3034 H
1305 3001 1333 3050 3
1369 2992 1488 3035 tunc
1523 2985 1637 3049 (for
1654 2986 1807 3043 nunc)
1836 2987 1880 3036 C
1896 2987 2045 3048 (corr)
2081 3004 2114 3036 r
2138 2984 2146 3044 Ι
2176 2988 2476 3052 presbiteros
2498 2988 2587 3038 Cr
2634 2986 2919 3053 presbiteris

499 3066 566 3117 H
588 3065 595 3131 Ι
621 3067 966 3131 gubernabant
1001 3068 1072 3117 ita
1110 3075 1166 3117 ut
1201 3076 1366 3117 essent
1401 3076 1520 3117 tunc
1549 3083 1639 3132 per
1672 3068 1893 3133 singulas
1936 3068 2219 3133 prouincias
2262 3069 2444 3135 singuli
2491 3070 2587 3135 (ast
2624 3069 2915 3135 presbyteri)

499 3148 603 3199 add
641 3148 686 3198 C
698 3149 758 3197 H
767 3164 831 3196 r:
865 3164 936 3197 see
961 3155 1018 3213 p.
1069 3164 1176 3211 123,
1213 3150 1248 3199 I.
1296 3165 1336 3209 1,
1378 3157 1487 3199 note
1513 3148 1520 3213 Ι
1551 3158 1895 3215 nuncupantes
1933 3150 2022 3200 Cr
2052 3159 2395 3215 nuncupanter
2418 3151 2484 3201 H
2780 3164 2807 3212 5
2844 3158 2909 3211 et,

501 3231 828 3280 obser-uantur
849 3246 881 3279 r
1107 3231 1138 3278 8
1170 3228 1224 3277 in
1261 3228 1360 3278 hoc
1392 3228 1506 3279 loco
1543 3230 1611 3279 H
1640 3245 1673 3278 r
1886 3246 1936 3280 ιι
1974 3230 2209 3281 uirtutem
2236 3231 2281 3281 C
2302 3232 2450 3292 (corr)
2654 3246 2711 3281 η
2748 3231 2799 3280 ἰη
2819 3231 2917 3280 hoc

499 3312 614 3362 loco
642 3314 685 3363 C
705 3328 738 3360 r
953 3326 1016 3361 20
1047 3310 1298 3375 bilinguos
1326 3309 1398 3360 C‘
1616 3327 1675 3362 υ
1716 3312 1843 3362 iusta
1866 3328 1905 3361 r.
1928 3314 1980 3363 d.
2013 3313 2058 3363 C
2292 3329 2352 3363 υ
2387 3313 2716 3363 admittuntur
2738 3313 2852 3378 (sor
2869 3323 2918 3363 et

489 3395 654 3457 mitt.)
684 3396 727 3445 C
750 3410 783 3442 r

571 3539 617 3587 3.
685 3539 838 3580 nunc,
891 3522 1276 3588 nuncupantur]
1357 3522 1454 3572 See
1488 3538 1566 3571 vv.
1609 3523 1663 3571 ll.

516 3608 668 3669 Tunc,
699 3613 1064 3671 nuncupanter,
1094 3622 1177 3655 are
1201 3605 1499 3655 corrections
1517 3606 1665 3655 made

507 3688 863 3753 subsequently
894 3695 948 3737 to
981 3688 1068 3737 the
1100 3688 1456 3753 interpolation
1487 3688 1545 3737 of
1567 3704 1663 3753 gu-

507 3770 796 3828 bernabant,
820 3785 895 3833 sq.

571 3866 622 3917 9.
683 3866 804 3900 uam
825 3858 872 3899 et
890 3850 1002 3907 illa,
1027 3849 1145 3912 δια]
1211 3848 1254 3900 Ι.
1271 3866 1316 3899 e.
1339 3850 1558 3899 deacons
1579 3865 1664 3899 are

507 3934 776 3984 addressed
798 3932 924 3982 after
956 3934 1237 3997 presbyters
1263 3947 1322 3981 or
1352 3931 1576 3995 bishops.
1607 3947 1664 3981 as

509 4016 662 4080 being
695 4015 823 4065 their
855 4014 1100 4069 inferiors,
1134 4014 1188 4063 in
1232 4014 1336 4063 like
1369 4027 1577 4061 manner
1609 4028 1666 4061 as

509 4112 708 4147 women
731 4110 814 4145 are
835 4094 1104 4145 addressed
1127 4093 1253 4143 after
1277 4108 1410 4143 men.
1477 4093 1578 4143 But
1611 4092 1665 4143 in

511 4180 635 4231 each
669 4194 781 4228 case
817 4177 956 4226 there
989 4192 1074 4225 are
1109 4176 1268 4225 moral
1305 4174 1468 4225 duties
1503 4175 1669 4226 which

511 4259 700 4321 belong
719 4264 773 4306 to
796 4255 921 4305 both
943 4256 1126 4306 classes
1146 4255 1306 4305 alike:
1343 4254 1406 4303 cf.
1443 4254 1670 4305 ὡσαύτως

514 4343 592 4391 καὶ
625 4340 856 4401 ’γυναῖκας
891 4338 956 4399 (c.
981 4338 1035 4388 ii.
1059 4336 1127 4403 9),
1169 4338 1409 4389 διακόνους
1445 4338 1671 4388 ὡσαύτως

515 4426 579 4490 (c.
605 4425 674 4474 iii.
701 4426 770 4485 8).

1839 3521 1914 3573 16.
1972 3522 2201 3589 pudicos]
2249 3524 2345 3574 See
2368 3524 2529 3573 above
2552 3540 2619 3573 on
2642 3540 2688 3573 v.
2712 3540 2759 3588 3.
2818 3525 2916 3575 Th.

1766 3605 1808 3655 is
1832 3604 2067 3655 followed
2088 3606 2157 3670 by
2178 3606 2337 3655 Thdt.
2362 3606 2413 3655 in
2438 3607 2704 3672 regarding
2725 3610 2920 3667 σεμνούς

1764 3702 1875 3736 as:
1886 3689 2151 3749 σώφρονας.
2220 3688 2283 3736 In
2300 3688 2379 3737 his
2396 3687 2617 3752 singular
2631 3689 2917 3753 interpreta-

1766 3771 1873 3820 tion
1896 3767 1956 3817 οῖ
1983 3768 2070 3818 the
2107 3766 2191 3819 ἅπ.
2236 3770 2347 3831 λε’γ.
2388 3770 2611 3830 διλόγους
2648 3771 2713 3820 he
2747 3772 2919 3819 stands

1765 3848 1929 3897 alone.
2003 3847 2053 3896 It
2076 3863 2237 3897 seems
2260 3856 2314 3897 to
2342 3848 2473 3899 have
2493 3849 2623 3899 been
2656 3852 2919 3914 suggested

1766 3930 1832 3993 by
1855 3928 1979 3980 facts
2002 3929 2167 3979 which
2190 3930 2288 3979 had
2314 3930 2465 3979 fallen
2486 3930 2663 3981 within
2695 3932 2775 3982 his
2804 3949 2921 3983 own

1764 4012 2058 4077 experience
2078 4012 2161 4073 (cf.
2187 4030 2236 4078 p.
2272 4020 2379 4074 127,
2410 4011 2445 4061 l.
2469 4012 2541 4073 4).

1840 4098 1915 4147 18.
1982 4096 2065 4145 sed
2086 4104 2132 4145 et
2158 4112 2272 4160 erga
2294 4095 2540 4157 mulieres]
2578 4095 2703 4146 This
2726 4096 2923 4163 depart-

1768 4189 1906 4228 ment
1939 4179 2001 4228 of
2028 4179 2113 4229 the
2148 4178 2383 4229 deacon's
2404 4180 2529 4245 duty
2552 4196 2655 4229 was
2677 4188 2782 4239 not,
2806 4198 2861 4231 as
2883 4183 2924 4232 it

1767 4275 1944 4322 seemS,
1986 4260 2197 4326 entirely
2234 4260 2537 4311 transferred
2581 4269 2635 4311 to
2680 4264 2765 4312 the
2808 4263 2921 4312 dea-

1768 4356 1959 4401 coneSS,
2005 4356 2131 4391 even
2174 4342 2229 4391 in
2270 4341 2355 4393 the
2400 4343 2540 4391 East.
2626 4342 2703 4393 Cf.
2752 4343 2911 4408 infra,

1770 4438 1817 4489 p.
1857 4424 1961 4481 128,
1991 4421 2022 4470 l.
2059 4436 2129 4482 11,
2160 4430 2293 4472 note.
