3250 5025
519 330 606 411 48
1197 336 1655 391 TnEonoRth
1704 337 2290 392 MOPSUESTENUS
2642 325 2757 410 [ΙΙ.
2802 344 2850 400 1,
2886 340 2945 388 2.

523 514 746 579 uocati
793 512 953 577 estis
998 508 1425 589 fruitionem3
1478 507 1767 593 implens
1812 531 1933 575 uos
1978 510 2164 575 omni
2204 510 2384 576 bono
2430 520 2497 576 et
2544 511 2946 589 confortanS,

522 618 620 683 ita
643 628 718 681 ut
747 626 816 681 et
845 618 911 680 in
943 613 1254 698 operibus
1294 613 1667 678 ostendatis
1712 611 1931 690 fidem,
1966 623 2033 679 et
2078 613 2193 679 illa
2232 636 2407 699 quae
2436 616 2523 680 ab
2553 616 2951 682 aduersariis

523 719 892 783 inferuntur
951 716 1143 781 facile
1201 715 1598 781 sustineatis
1692 715 1789 779 sic
1861 716 2039 779 enim
2118 725 2186 779 et
2261 715 2565 782 Christus
2625 719 2694 782 in
2754 718 2950 783 uobis

523 820 851 904 gloriosus
896 818 1263 883 secundum
1317 837 1631 899 praesens
1677 817 2017 881 saeculum
2065 817 2414 897 uidebitur,
2468 821 2740 904 quando
2793 840 2947 885 cum

461 938 494 1006 5
527 923 870 990 alacritate
902 920 1330 1005 adquiescitis
1361 920 1504 1003 pati
1551 941 1674 1003 pro
1715 941 1833 999 eo;
1878 941 2133 1005 uosque
2174 924 2287 1006 qui
2330 924 2423 988 sic
2458 924 2736 990 firmiter
2765 926 2831 989 in
2865 946 2949 989 eo

525 1024 916 1101 credidistiS,
957 1023 1250 1086 futuram
1291 1021 1596 1085 fruemini
1640 1021 1937 1104 gloriam,
1976 1043 2179 1107 quarn
2221 1045 2344 1090 sua
2386 1028 2605 1109 gratia
2643 1027 2769 1091 sibi
2810 1048 2950 1092 cre-

525 1126 840 1192 dentibus
891 1122 1303 1209 repromisit.'
1393 1143 1567 1207 quae
1619 1144 1782 1206 ergo
1827 1126 2317 1191 conueniebant
2368 1128 2499 1191 dici
2542 1127 2628 1191 ad
2678 1128 2946 1192 laudem

526 1250 759 1295 eorum
799 1228 912 1312 qui
951 1228 1020 1291 in
1060 1224 1358 1291 aduersis
1394 1224 1566 1288 firmi
1602 1226 2051 1307 perstiterunt,
2084 1236 2154 1291 et
2184 1227 2269 1291 ad
2302 1227 2840 1293 exhortationem
2872 1237 2948 1293 ut

527 1336 594 1399 in
627 1335 863 1398 eadem
896 1332 1324 1416 persisterent
1353 1329 1703 1405 sententia,
1734 1329 1802 1393 in
1839 1328 2023 1393 hisce
2059 1330 2241 1394 uisus
2282 1340 2386 1396 est
2429 1351 2945 1396 consummasse.

422 1462 502 1509 10
527 1438 683 1502 hinc
714 1456 872 1500 uero
902 1434 1134 1515 incipit
1163 1432 1250 1496 de
1279 1431 1855 1495 consummatione
1884 1430 2130 1495 saeculi
2162 1432 2525 1516 disputare,
2550 1434 2801 1497 docens
2831 1452 2947 1496 eos

528 1563 662 1608 non
695 1540 1079 1607 existimare
1110 1537 1235 1601 sibi
1267 1536 1468 1600 finem
1501 1534 1915 1598 mundanum
1948 1533 2335 1600 imminere:

659 1717 968 1781 rogamus
1026 1704 1242 1758 autem
1307 1713 1436 1769 uos,
1482 1691 1759 1773 fratres,
1824 1704 1951 1774 per
2009 1690 2363 1756 aduentum
2431 1690 2691 1757 'domini
2742 1689 2953 1756 nostri

529 1800 676 1864 Iesu
723 1798 974 1865 Christi
1005 1807 1069 1861 et
1105 1805 1394 1859 nostram
1434 1792 1983 1876 congregationem
2028 1793 2097 1856 in
2132 1815 2295 1873 eum,
2336 1804 2415 1859 ut
2453 1816 2531 1859 ne
2572 1795 2695 1859 cito
2739 1814 2947 1858 moue-

529 1901 748 1965 amini
785 1922 830 1964 a
857 1920 1044 1963 sensu
1089 1909 1315 1974 uestro,
1346 1917 1542 1978 neque
1579 1894 1961 1959 terreamini
1999 1916 2193 1978 neque
2221 1909 2348 1979 per
2384 1896 2709 1979 spiritum,
2755 1917 2949 1979 neque

423 2022 497 2089 15
513 2017 640 2090 per
678 2006 960 2082 uerbum,
992 2024 1186 2087 neque
1213 2013 1341 2087 per
1377 1999 1708 2084 epistolam
1750 1998 1948 2082 qnasi
1984 2020 2067 2062 ex
2104 1998 2299 2077 nobis,
2330 2001 2526 2083 quasi
2557 2000 2716 2083 quia
2756 2000 2953 2066 instet

530 2108 668 2172 dies
694 2105 992 2171 Domini.

657 2224 1058 2290 adueniente
1109 2222 1406 2286 Domino
1459 2223 1669 2287 iustos
1716 2240 1949 2286 omnes
1997 2220 2240 2285 debere
2287 2221 2429 2305 rapi
2482 2242 2681 2305 super
2736 2223 2947 2287 nubes

528 2333 597 2396 in
640 2330 914 2394 obuiam
961 2328 1101 2392 eius
1142 2336 1217 2391 ut
1258 2337 1327 2391 et
1358 2326 1552 2392 simul
1590 2328 1725 2390 sint
1770 2345 2036 2408 semper
2076 2346 2228 2388 cum
2271 2346 2368 2404 e0‚
2402 2326 2747 2410 apostolus
2788 2348 2947 2391 uero

527 2436 595 2497 in
628 2432 844 2517 prima
873 2431 1159 2516 epistola
1189 2431 1532 2494 euidenter
1571 2428 1881 2493 adseruit.
1970 2426 2097 2492 hoc
2129 2449 2289 2512 ergo
2320 2429 2482 2493 dicit
2509 2450 2524 2494 :
2566 2439 2632 2494 et
2656 2439 2947 2493 nostram

415 2566 500 2614 20
526 2536 1071 2621 congregationem
1145 2534 1242 2599 ad
1307 2556 1469 2611 eum,
1531 2532 1748 2616 †dicit
1822 2532 2068 2596 etenim
2133 2533 2379 2600 Christi
2441 2537 2809 2602 aduentum
2880 2544 2949 2601 et

658 2673 764 2742 ὅτι
821 2673 973 2762 περὶ
1032 2677 1148 2754 τῆς
1206 2661 1502 2761 Χριστοῦ
1561 2675 1930 2762 παρουσίας
1989 2673 2100 2740 καὶ
2158 2677 2274 2758 τῆς
2333 2676 2516 2758 ἡμῶν
2577 2675 2683 2743 ἐπ’
2749 2676 2949 2744 αὐτὸν

2696 2843 2755 2878 10
2786 2828 2870 2879 hic
2892 2830 2961 2879 H

2313 2922 2371 2974 17
2404 2911 2458 2960 in
2482 2910 2596 2974 (for
2626 2909 2793 2976 super)
2817 2928 2895 2961 om
2918 2928 2952 2961 r

2393 3007 2452 3042 οι
2489 3007 2565 3058 sq.
2591 2993 2745 3043 Coisl.
2778 3009 2889 3056 204,
2910 2993 2943 3042 f.

623 2832 656 2883 6
689 2831 867 2889 futura,
891 2829 1053 2895 gloria
1079 2829 1124 2879 C
1145 2827 1288 2892 (corr)
1321 2826 1330 2894 Ι
1357 2829 1579 2879 fruimini
1605 2828 1749 2878 C‘H
1998 2843 2029 2893 9
2062 2827 2376 2892 perstiterent
2401 2845 2432 2877 r

531 2929 586 2965 11
623 2913 801 2964 mundi
827 2913 869 2962 C
891 2910 1037 2976 (corr)
1264 2928 1320 2975 14
1354 2927 1386 2960 a
1407 2927 1554 2962 sensu
1575 2927 1622 2962 u.
1654 2927 1816 2975 neque
1838 2919 1950 2961 terr.
1980 2926 2115 2960 οων

539 2999 597 3048 18
631 3003 680 3046 et
703 3002 759 3044 ut
783 2994 900 3058 (sor
930 3000 984 3043 ut
1009 2990 1077 3056 et)
1103 3009 1135 3042 r
1161 2990 1170 3058 Ι
1197 3009 1316 3042 uero
1337 3009 1415 3043 om
1440 3009 1472 3042 r
1634 3009 1698 3045 ἰο
1730 2993 1950 3042 aduentu
1975 2991 2071 3054 (om
2094 2989 2164 3055 et)
2188 2992 2215 3041 l

531 3079 624 3129 180
639 3078 674 3128 b
696 3077 803 3140 [Cr.
826 3076 893 3126 vi.
911 3073 1021 3140 386,
1051 3075 1135 3125 Fr.
1171 3073 1283 3137 146]
1308 3073 1553 3138 θεοδῶρου.
1623 3076 1701 3125 ὅτι
1723 3077 1830 3136 περὶ
1854 3076 1953 3134 τῆς,
1982 3076 2130 3124 κ.τ.λ.

595 3219 640 3254 2.
677 3204 752 3254 ita
769 3210 889 3254 utet
905 3203 963 3254 in
985 3210 1059 3268 op.
1081 3209 1165 3254 ost.
1179 3203 1360 3268 fidem]
1394 3203 1475 3253 Cf.
1500 3204 1683 3254 Thdt.:

526 3289 670 3350 ἔργον
691 3288 744 3335 δὲ
763 3287 972 3337 πίστεως
992 3285 1197 3335 ἐνταῦθα
1218 3287 1307 3345 τὴν
1329 3286 1382 3335 ἐν
1401 3287 1499 3336 τοῖς
1528 3282 1684 3346 παθῆ-

526 3383 674 3424 μασιν
694 3365 936 3427 ὑπομονὴν
958 3366 1362 3430 προσηγόρευσεν.

599 3462 674 3499 ιο.
741 3447 861 3497 hinc
882 3462 1012 3507 nero,
1050 3446 1236 3511 incipit,
1265 3446 1380 3508 δια]
1413 3446 1590 3496 Thdt.:
1617 3448 1687 3496 εἰς

527 3529 619 3590 τὴν
641 3530 752 3590 περὶ
775 3531 1050 3578 συντελείας
1071 3527 1391 3578 διδασκαλίαν
1423 3529 1687 3589 μεταφέρει

526 3615 613 3664 τὸν
633 3613 803 3676 λόγον.

599 3710 673 3759 13·
745 3701 968 3746 nostram
989 3693 1425 3759 congregationem]
1451 3694 1521 3743 So
1540 3693 1679 3742 Tert.

527 3793 614 3828 res.
644 3793 784 3826 carn.
813 3791 874 3837 24
897 3775 998 3824 and
1021 3774 1191 3824 Sedul.
1223 3774 1359 3824 Scot.
1399 3773 1510 3822 The
1534 3771 1597 3823 O.
1621 3774 1681 3824 L.

528 3857 819 3908 authorities
841 3855 1111 3920 generally,
1131 3855 1390 3919 including
1413 3855 1682 3916 Ambrstr.,

527 3940 627 3990 and
661 3940 749 3990 the
781 3938 951 4002 vulg„
988 3937 1168 3987 render
1203 3939 1232 3963 “
1252 3943 1449 3986 nostrae
1483 3952 1687 4001 congre-

528 4017 759 4081 gationis,
770 4015 799 4039 ”
833 4032 888 4066 as
933 4017 976 4066 is
1013 4017 1380 4079 ἐπισυναγωγῆς
1424 4017 1689 4081 depended

530 4114 598 4149 on
619 4102 706 4159 τῆς
729 4099 1090 4160 παρουσίας-ο,
1112 4098 1505 4162 misconception
1523 4098 1690 4149 which

530 4196 622 4230 our
644 4181 964 4230 translatoris
977 4181 1160 4231 careful
1176 4189 1228 4232 to
1242 4181 1405 4232 avoid.
1460 4183 1564 4232 Per
1578 4198 1685 4232 uer-

530 4261 662 4322 bum,
707 4275 764 4310 so
802 4259 960 4324 Aug.;
996 4261 1062 4312 Ο.
1095 4262 1154 4311 L.
1190 4262 1292 4311 and
1331 4261 1502 4327 Vulg,
1544 4264 1687 4328 “per

530 4357 809 4392 sennonem
825 4340 854 4364 ”
889 4342 969 4408 (cf.
1001 4353 1061 4394 11.
1094 4358 1146 4407 p.
1175 4357 1218 4406 3,
1246 4343 1280 4394 l.
1315 4355 1388 4406 15,
1426 4351 1559 4402 note,
1584 4345 1685 4395 and

528 4425 685 4490 infra,
713 4441 762 4474 v.
806 4428 899 4488 15).
976 4427 1136 4488 Quasi
1162 4443 1222 4476 ex
1255 4427 1515 4478 nobis=1bs
1553 4444 1632 4476 ra
1638 4427 1684 4490 ρ’

1785 3199 1956 3264 ἠμῶνῗ
2020 3201 2070 3251 Α
2106 3208 2239 3252 trace
2278 3201 2338 3253 of
2374 3202 2473 3254 this
2511 3203 2733 3268 reading,
2781 3203 2946 3252 which

1784 3285 1953 3336 Tisch.
1970 3293 2113 3335 notes
2129 3285 2250 3348 only
2270 3285 2324 3333 in
2346 3300 2443 3336 one
2466 3285 2568 3334 Gk.
2595 3285 2710 3336 MS.
2734 3284 2793 3334 of
2808 3293 2938 3336 cent.

1786 3367 1874 3426 ix„
1902 3383 2063 3416 seems
2084 3373 2137 3414 to
2161 3365 2319 3430 linger
2340 3367 2448 3416 also
2470 3365 2523 3414 in
2558 3365 2643 3416 the
2677 3366 2946 3431 rendering

1786 3448 1846 3498 of
1871 3448 2121 3498 Ambrstr.
2146 3447 2248 3496 and
2282 3446 2411 3496 Cod.
2437 3447 2480 3496 F
2482 3446 2583 3496 uld.
2614 3447 2672 3509 (⁸⁶
2688 3453 2943 3512 tamquam

1785 3545 1817 3579 a
1838 3529 1983 3579 nobis
2005 3529 2209 3578 missam
2223 3525 2293 3589 ”).

1858 3624 1933 3676 19.
2001 3610 2059 3659 in
2089 3609 2267 3674 prima
2308 3609 2525 3673 epistola,
2561 3609 2677 3672 dcc-J
2723 3610 2787 3659 In
2809 3624 2853 3658 c.
2878 3611 2943 3660 iv.

1795 3705 1870 3757 17,
1896 3693 2061 3744 where
2082 3711 2165 3745 see
2187 3709 2367 3745 comm.
2399 3694 2499 3743 and
2522 3701 2682 3744 notes·

1854 3775 1941 3824 hoc
1994 3792 2105 3841 ergo
2156 3776 2294 3832 dicit,
2351 3775 2465 3837 δια]
2549 3776 2594 3826 Ι.
2612 3792 2675 3837 e.,
2724 3775 2811 3827 the
2842 3777 2944 3826 ἐτι·

1791 3859 2055 3920 συναγωγή
2096 3857 2155 3908 of
2192 3873 2219 3907 a
2258 3857 2435 3906 Thess.
2476 3857 2530 3907 ii.
2575 3873 2595 3906 1
2632 3857 2677 3906 is
2709 3856 2945 3907 identieal

1789 3939 1912 3990 with
1928 3940 2013 3990 the
2035 3948 2235 4006 rapture
2258 3939 2316 3988 of
2327 3954 2348 3989 1
2370 3939 2545 3989 Thess,
2576 3939 2640 3988 iv.
2670 3951 2741 4002 17.
2782 3939 2935 3990 Thdt.

1788 4021 1880 4070 has
1916 4020 2001 4071 the
2039 4036 2176 4070 same
2205 4019 2420 4081 remark,
2460 4019 2650 4084 adding
2685 4034 2749 4068 an
2784 4034 2943 4084 appo-

1788 4101 1882 4153 site
1953 4101 2203 4153 reference
2256 4110 2310 4151 to
2369 4101 2422 4152 S.
2477 4102 2626 4150 Matt.
2686 4101 2821 4150 xxiv.
2880 4115 2939 4165 31

1788 4185 2174 4244 (ἐπισυνάξουσιν
2194 4185 2304 4234 τοὺς
2326 4183 2581 4234 ἐκλεκτοὺς
2602 4182 2769 4247 αὐτοῦ)
2790 4200 2805 4244 3
2838 4185 2939 4233 and

1786 4280 1843 4314 so
1869 4264 2119 4330 Pelagius,
2144 4265 2380 4315 followed
2405 4281 2461 4316 as
2491 4266 2633 4316 usual
2660 4267 2729 4331 by
2754 4265 2945 4316 Prima·

1785 4347 1887 4397 sius
1908 4349 2008 4398 and
2034 4348 2286 4398 Sedulius.

1850 4443 1933 4480 20.
1999 4430 2121 4479 dicit
2138 4429 2340 4489 etenim,
2362 4428 2477 4490 δια]
2543 4427 2653 4480 Our
2681 4428 2948 4479 translator
