3250 5025
521 378 558 425 2
1183 370 1640 423 T11E0D0Rus
1686 370 2274 422 MOPSUESTENUS
2774 356 2854 439 [I.
2898 374 2947 422 1.

520 550 607 613 de
639 549 770 612 illis
800 549 912 631 qui
945 547 1381 623 crediderant,
1415 568 1500 610 ne
1530 546 1701 611 forte
1742 548 2095 611 atrocitate
2132 545 2658 610 aduersariorum
2706 544 2950 629 inpulsi

521 672 562 713 a
593 670 712 713 suo
744 649 1088 712 deuiarent
1119 649 1478 732 proposit0‚
1502 658 1774 712 coactus
1806 648 2235 713 Timotheum
2268 649 2448 712 misit
2478 649 2564 713 ad
2597 669 2729 723 e03,
2754 646 2949 710 simul

525 762 597 817 ut
630 762 697 815 et
728 752 841 815 illa
871 772 1043 834 quae
1071 760 1264 833 gesta
1295 750 1568 814 fuerant
1588 752 1887 828 disceret,
1918 762 1985 817 et
2016 752 2313 816 fidelium
2345 754 2607 817 animos
2647 763 2788 818 tam
2832 776 2950 818 sua

526 859 900 942 praesentia
930 856 1367 932 confirmaret,
1400 876 1601 938 quam
1636 857 1836 919 etiam
1871 856 2339 921 exhortatione
2372 858 2618 921 salubri
2651 868 2953 922 moneret

463 961 593 1038 sin
645 959 778 1022 fide
837 958 1226 1040 persistere3
1291 958 1407 1039 qui
1457 959 1662 1021 etiam
1712 970 1954 1023 cuncta
2008 959 2121 1022 illa
2174 959 2458 1042 implens
2512 981 2685 1042 quae
2734 960 2861 1024 sibi
2914 980 2955 1022 a

528 1062 728 1125 beato
776 1060 1084 1143 apostolo
1133 1058 1395 1123 fuerant
1441 1060 1754 1136 iniuncta,
1806 1081 2103 1123 reuersus
2153 1062 2237 1124 ad
2290 1081 2442 1124 eum
2493 1062 2848 1124 nuntiabat
2893 1062 2953 1122 ei

529 1161 846 1245 quoniam
897 1161 1108 1225 multa
1157 1161 1244 1224 ab
1297 1162 1693 1224 aduersariis
1753 1163 2045 1244 perpessi
2102 1160 2281 1225 mala
2329 1164 2777 1239 sustinuerint,
2832 1181 2954 1224 nec

531 1286 572 1327 a
621 1264 753 1327 fide
806 1263 1244 1327 discesserint.
1335 1264 1505 1326 inter
1556 1273 1778 1326 cetera
1832 1284 1992 1326 uero
2042 1266 2381 1328 nuntiauit
2430 1266 2487 1327 ei
2539 1284 2683 1326 esse
2735 1262 2958 1342 aliqua

534 1365 712 1447 apud
747 1364 896 1426 illos
925 1384 1098 1447 quae
1129 1364 1364 1446 corrigi
1396 1364 1735 1431 debeant..
1793 1364 1959 1428 haec
2003 1387 2044 1428 a
2082 1365 2443 1429 Timotheo
2488 1366 2750 1428 discens
2796 1382 2956 1445 apo-

430 1485 509 1532 10
535 1466 744 1530 stolus
790 1467 1018 1529 scribit
1063 1466 1149 1528 ad
1196 1465 1825 1529 Thessalonicenses
1870 1467 2156 1548 primam
2201 1467 2374 1530 hanc
2416 1465 2787 1549 epistolam,
2820 1463 2959 1525 lau-

536 1567 704 1630 dans
757 1586 887 1643 eOS,
937 1567 1118 1649 quod
1173 1567 1240 1630 in
1290 1567 1588 1630 aduersis
1643 1568 1839 1631 rebus
1881 1570 1973 1631 ita
2016 1569 2299 1633 fideliter
2338 1570 2793 1633 sustinuerunt
2837 1585 2959 1647 pro

535 1668 668 1731 fide
713 1668 1166 1746 decertantes;
1214 1671 1480 1733 instruit
1522 1690 1682 1733 uero
1725 1689 1841 1732 eos
1883 1679 1950 1732 et
1990 1670 2077 1733 de
2117 1670 2245 1733 illis
2285 1690 2457 1754 quae
2497 1669 2677 1751 apud
2717 1686 2831 1729 eos
2863 1665 2961 1726 in-

535 1777 1005 1839 conuenienter
1033 1776 1169 1857 geri
1201 1784 1623 1857 cognouerat.
1703 1775 1929 1836 omnia
1972 1794 2127 1837 uero
2172 1774 2667 1837 euidentissime
2712 1793 2801 1834 ex
2850 1768 2961 1832 illa

540 1880 1082 1961 interpretatione
1112 1898 1284 1961 quae
1316 1898 1434 1961 per
1463 1888 1683 1960 partes
1717 1877 1810 1953 fit,
1843 1878 2078 1941 melius
2107 1898 2465 1961 agnoscere
2496 1878 2877 1959 poterimus,

435 2056 506 2123 15
667 2046 926 2111 Paulus
953 2054 1016 2109 et
1047 2045 1368 2109 Siluanus
1395 2056 1458 2108 et
1494 2044 1863 2108 Timotheus
1890 2046 2171 2110 ecclesiae
2210 2043 2861 2109 Tlcessalonz’censium
2892 2042 2963 2107 in

537 2148 675 2212 Deo
703 2149 910 2212 Patre
935 2158 999 2211 et
1023 2147 1279 2211 domino
1307 2148 1454 2210 Iesu
1489 2144 1745 2212 Christo
1761 2172 1792 2223 ,·
1828 2148 2061 2229 gratia
2090 2147 2270 2211 uobis
2294 2158 2357 2211 et
2369 2159 2525 2230 pax.

669 2276 797 2339 hoc
839 2276 905 2338 in
950 2275 1097 2339 loco
1139 2274 1244 2338 uel
1288 2276 1585 2338 maxime
1633 2275 1927 2338 ostendit
1966 2274 2281 2357 quoniam
2329 2268 2607 2355 †gratz'a
2650 2269 2830 2334 uobis
2872 2270 2965 2333 sic

540 2382 748 2463 ponit,
803 2380 994 2443 sicuti
1054 2400 1177 2443 nos
1237 2380 1303 2442 in
1354 2380 1871 2462 praescriptione
1916 2378 2235 2461 epistolae
2282 2378 2570 2442 solemus
2614 2378 2930 2441 ‘salutem
2954 2374 2967 2399 '

542 2506 788 2568 ponere
813 2506 828 2564 3
873 2485 1097 2567 posuit
1127 2504 1284 2547 uero
1315 2484 1478 2548 etin
1508 2484 1647 2548 Deo
1676 2485 1899 2562 Patre,
1930 2484 2100 2549 sicut
2129 2493 2199 2548 et
2228 2504 2349 2548 nos
2380 2484 2661 2549 scribere
2691 2504 2966 2548 consue-

433 2602 518 2650 20
545 2588 762 2651 uimus
793 2595 808 2619 ‘
829 2589 896 2650 in
932 2585 1310 2652 Dominoff*

675 2768 750 2834 τὸ
795 2772 954 2856 χάρις
1002 2765 1145 2844 ῨΜῖΝ
1189 2766 1386 2838 οὕτως
1435 2768 1696 2848 τίθησιν
1748 2767 1971 2856 ὥσπερ
2012 2768 2197 2850 ἡμεῖς
2237 2766 2312 2833 τὸ
2360 2763 2664 2854 χαίρειν
2710 2767 2787 2832 ἐν
2826 2769 2965 2835 ταῖς

545 2875 959 2958 προγραφαῖς
1005 2873 1131 2936 τῶν
1177 2870 1548 2936 ἐπιστολῶν
1595 2870 1926 2953 εἰώθαμεν·
1972 2869 2045 2936 τὸ
2094 2871 2166 2936 ἐκ
2221 2873 2352 2957 θεῷ
2408 2869 2583 2955 πατρὶ
2644 2867 2965 2946 τεθεικώς,

549 2973 630 3046 ὥς
671 2973 784 3040 καὶ
823 2972 999 3056 ἡμεῖς
1039 2972 1116 3039 τὸ
1160 2975 1238 3039 ἐν
1281 2971 1512 3060 κυρίῳ
1549 2971 1905 3061 «γράφομεν.

645 3182 678 3226 4
711 3178 772 3212 ex
815 3162 1041 3210 oratione
1086 3158 1204 3224 (fhr
1246 3157 1459 3220 exhort.)
1504 3173 1537 3207 r
1873 3157 1905 3208 6
1942 3156 2099 3206 Paulo
2142 3156 2262 3222 (for
2298 3155 2404 3221 ap.)
2447 3157 2517 3205 H
2536 3153 2544 3218 Ι
2570 3155 2819 3206 nuntiauit
2862 3157 2931 3206 H
2942 3172 2974 3204 r

552 3256 579 3307 7
615 3244 668 3293 in
691 3241 984 3292 aduersariis
1013 3239 1092 3290 C*
1167 3241 1220 3288 in
1242 3239 1462 3289 aduersis
1483 3239 1529 3288 C
1545 3240 1693 3299 (corr)
1934 3255 1990 3303 ¹3
2026 3238 2297 3288 auitissime
2324 3235 2407 3287 C*
2474 3237 2729 3301 aptissime
2764 3239 2808 3288 C
2820 3237 2969 3298 (corr)

552 3325 840 3376 auidissime
853 3324 918 3371 II
934 3340 965 3371 r
1124 3337 1180 3385 17
1215 3322 1268 3370 in
1292 3320 1395 3386 (bes
1401 3319 1579 3386 gratia)
1603 3321 1710 3370 add
1730 3318 1808 3370 C*
1833 3321 1902 3369 H
2046 3335 2103 3369 αι
2142 3335 2218 3384 sq.
2244 3318 2397 3368 Coisl.
2424 3333 2533 3378 ⁴204,
2563 3319 2614 3367 ff.
2646 3317 2730 3369 161
2752 3334 2799 3378 a,
2834 3319 2921 3370 162
2940 3335 2971 3368 a

552 3409 658 3470 [Cr.
687 3406 754 3455 vi.
775 3419 886 3468 340,
917 3420 1031 3467 344,
1055 3404 1141 3453 Fr.
1172 3417 1258 3466 145
1283 3421 1295 3452 =
1331 3403 1390 3452 cf.
1421 3403 1561 3464 note]
1586 3399 1831 3466 θεόόωρος.
1880 3404 1939 3451 τὸ
1962 3402 2015 3450 δὲ
2036 3403 2189 3464 χάρις,
2220 3403 2366 3450 κ.τ.λ.
2396 3400 2451 3462 (f.
2482 3399 2611 3461 161).
2771 3417 2832 3451 Μ
2869 3403 2970 3450 ἐπι-

550 3487 767 3552 γραφαῖς
790 3485 838 3551 (f.
875 3483 1005 3548 162).
1203 3499 1364 3546 ‘za—3
1397 3486 1455 3533 τὸ
1478 3485 1530 3533 δὲ
1551 3486 1604 3534 ἐν
1625 3486 1670 3533 θ.
1700 3501 1755 3532 π.
1782 3483 1904 3546 (om.
1928 3479 2186 3543 τεθεικώς),
2216 3483 2267 3530 ἐν
2290 3481 2433 3545 κυρίῳ
2458 3481 2576 3546 (om.
2606 3478 2683 3544 τὸ)
2711 3479 2764 3543 (f.
2802 3479 2931 3541 161).

619 3672 668 3724 9.
735 3653 978 3718 apostolus
1083 3649 1394 3714 cognouerat]
1464 3649 1614 3699 Cited
1650 3648 1718 3713 by
1816 3659 1919 3694 was
1938 3659 1993 3694 so
2010 3644 2189 3709 simple
2206 3643 2313 3694 that
2335 3659 2404 3693 no
2427 3642 2700 3708 prolonged
2725 3623 2974 3692 introduc·

555 3735 820 3786 Lanfranc.
1817 3723 1926 3772 tion
1948 3723 2147 3772 seemed
2168 3737 2439 3784 necessary.

631 3836 704 3870 η.
746 3817 959 3868 instruit
973 3832 1102 3876 uero,
1123 3815 1241 3876 δια]
1285 3813 1426 3863 Thus
1440 3813 1526 3863 the
1539 3811 1717 3877 epistle
1880 3819 1908 3853 -1
1921 3817 1963 3868 7.
2021 3805 2195 3869 gratia
2216 3805 2369 3862 uobis,
2385 3802 2499 3864 δια]
2554 3801 2666 3851 The
2688 3801 2789 3852 Gk.
2806 3801 2865 3851 of
2880 3802 2978 3852 this

556 3901 670 3952 falls
693 3901 798 3950 into
821 3906 923 3949 two
944 3907 1096 3962 parm,
1121 3897 1205 3946 the
1237 3895 1340 3944 first
1369 3895 1643 3958 consisting
1666 3894 1725 3943 of
1819 3903 2026 3953 passage
2056 3902 2228 3937 occurs
2254 3885 2399 3936 twice
2430 3885 2482 3934 in
2506 3882 2755 3934 Cramer-’s
2783 3891 2977 3940 catena,

558 3982 980 4038 commendation,
1003 3981 1089 4030 the
1121 3980 1305 4029 second
1340 3979 1400 4028 of
1425 3977 1719 4028 instruction
1820 3969 1973 4033 being
2014 3968 2148 4018 cited
2182 3968 2251 4032 by
2287 3982 2353 4016 an
2386 3983 2525 4016 error
2556 3966 2615 4015 of
2650 3965 2736 4030 the
2768 3965 2977 4014 catenist

559 4067 659 4116 and
683 4063 896 4130 reproof.
963 4063 1075 4112 The
1097 4061 1282 4112 second
1304 4061 1521 4110 division
1543 4060 1719 4124 begins
1820 4053 1977 4101 under
2016 4051 2127 4101 Col.
2173 4051 2239 4100 iv.
2272 4053 2363 4112 183
2408 4065 2491 4100 see
2532 4064 2620 4099 νν.
2644 4049 2695 4098 11.
2774 4049 2852 4098 Cf.
2894 4047 2978 4097 the

559 4155 612 4196 at
634 4147 700 4195 iv.
731 4161 751 4194 1
779 4142 846 4206 (v.
871 4143 1047 4206 infra).
1820 4149 2002 4183 comm.
2028 4147 2094 4182 on
2117 4131 2249 4196 Eph.
2280 4132 2309 4181 i.
2344 4146 2388 4180 α.

634 4243 710 4292 ¹3·
743 4226 911 4275 omm’a
921 4221 1538 4283 ueroeru'dentissime‚&c.]
1560 4222 1718 4272 Thdt.
1894 4229 1969 4281 19·
2006 4213 2173 4277 posuit
2194 4229 2246 4261 u·
2266 4219 2313 4261 et
2330 4212 2415 4261 ‘in
2430 4211 2536 4260 Deo
2552 4206 2862 4270 Patre‚'&c.]
2896 4207 2978 4258 Cf.

566 4308 755 4372 (whose
787 4321 892 4370 arg.
927 4305 1121 4355 follows
1155 4302 1294 4352 Th.’s
1329 4319 1448 4367 very
1486 4302 1721 4366 closely):
1822 4295 1907 4345 the
1950 4295 2121 4344 letters
2165 4293 2225 4342 of
2262 4291 2550 4341 Alexander
2594 4291 2680 4340 the
2726 4289 2885 4340 friend
2930 4288 2990 4338 of

565 4385 990 4447 ἀκριβέστερον
1036 4384 1088 4432 δὲ
1121 4383 1278 4430 ταῦτα
1309 4377 1342 4440 ἢ
1377 4378 1525 4430 κατὰ
1553 4382 1723 4442 μέρος
1824 4378 2015 4442 Origen
2039 4375 2180 4435 (Eus.
2208 4369 2279 4424 vil
2308 4375 2403 4434 11),
2434 4371 2727 4421 Alexander
2748 4370 2805 4420 of
2830 4371 2980 4420 Alex·

566 4467 840 4532 ἑρμηνεία
873 4466 1060 4526 διδάξει.
1133 4464 1244 4514 The
1277 4463 1397 4529 plan
1427 4461 1486 4512 of
1505 4462 1590 4512 the
1619 4463 1714 4526 Ep.
1824 4457 2000 4509 andria
2042 4456 2206 4522 (Socr.
2240 4455 2271 4505 i.
2314 4453 2383 4515 6),
2423 4455 2523 4504 and
2560 4453 2613 4502 S.
2655 4451 2977 4512 Athanasius,
