3250 5025
354 1976 377 2021 1
395 1970 426 2038 5
457 1966 472 1993 ‘
494 1957 776 2040 surgite!

459 320 540 384 30
1017 364 1024 369 ,
1122 312 1578 369 THEODORUS
1628 313 2214 371 MOPSUESTENUS

2461 300 2604 384 [IV.
2646 304 2739 379 16,
2780 312 2871 381 17.

443 497 760 581 primum,
792 496 1018 561 deinde
1061 518 1175 560 nos
1215 496 1334 579 qui
1373 496 1682 574 uiuimus,
1728 497 1847 579 qui
1885 494 2456 580 subrelinquimur,
2486 496 2696 562 simul
2730 519 2873 561 cum

457 598 596 664 illis
638 600 977 683 rapiemur
1016 600 1088 664 in
1133 599 1408 664 nubibus
1451 599 1524 665 in
1556 599 1819 665 obuiam
1864 600 1938 665 in
1980 622 2209 680 aerem,
2240 611 2305 666 et
2338 602 2435 665 sic
2458 613 2703 685 semper
2728 623 2873 666 cum

455 701 740 767 Domino
767 702 1028 770 erimus.

587 834 918 894 ‘mortuos
949 830 1016 894 in
1051 828 1350 895 Christo’
1383 830 1529 894 illos
1551 831 1715 896 dicit
1742 832 1855 914 qui
1885 840 1955 895 et
1984 832 2407 897 crediderunt
2430 832 2497 895 in
2532 832 2869 898 Christum

392 944 423 1011 5
460 940 528 997 et
567 952 689 1015 pro
735 931 1004 997 Christo
1046 933 1288 997 mortui
1323 942 1516 1011 sunt3
1559 954 1731 1015 quos
1766 953 2107 1017 resurgere
2152 934 2332 999 dixit
2376 936 2643 1018 primos,
2678 937 2871 1001 sicuti

460 1044 527 1100 et
581 1035 942 1100 Corinthiis
994 1035 1288 1100 scribens
1340 1036 1552 1100 dixit:
1598 1037 1947 1119 primitiae
1997 1036 2314 1115 Christus,
2364 1037 2593 1103 deinde
2640 1040 2717 1104 lu·
2759 1043 2876 1125 qui

456 1147 614 1202 sunt
644 1136 910 1215 Christi,
937 1138 1056 1220 qui
1079 1138 1433 1203 aduentum
1461 1139 1601 1202 eius
1625 1138 2041 1203 crediderunt
2054 1163 2086 1216 ,·
2117 1140 2345 1204 deinde
2355 1140 2543 1224 finis.
2632 1142 2873 1206 ueloci-

455 1248 668 1305 tatem
729 1262 887 1306 uero
946 1242 1438 1306 resurrectionis
1497 1243 1795 1307 ostendit
1853 1244 2198 1308 euidenter
2272 1244 2339 1307 in
2407 1244 2523 1308 illa
2582 1245 2873 1327 epistola

457 1343 687 1407 dicens
714 1368 727 1407 :
772 1344 844 1408 in
880 1353 1206 1419 momenta,
1238 1344 1309 1407 in
1355 1343 1486 1408 ictu
1523 1344 1704 1422 oculi,
1744 1344 1815 1408 in
1845 1345 2205 1409 nouissima
2240 1344 2395 1409 tuba
2412 1368 2445 1421 ,·
2492 1345 2877 1410 tubicinabit

355 1466 433 1514 10
456 1446 644 1524 enim,
692 1456 756 1509 et
799 1446 1046 1509 mortui
1088 1455 1423 1530 resurgent
1468 1446 1830 1530 incorrupti
1868 1458 1931 1511 et
1948 1528 1955 1535 Α
1972 1469 2087 1511 nos
2128 1446 2645 1514 immutabimur.
2743 1449 2873 1513 hoc

458 1565 618 1627 ergo
670 1555 739 1609 et
780 1543 908 1608 hoc
955 1547 1022 1609 in
1068 1546 1216 1610 loco
1248 1548 1426 1625 dicit,
1473 1548 1794 1629 quoniam
1826 1549 2188 1614 descendet
2233 1551 2507 1633 quidem
2554 1552 2639 1615 de
2686 1550 2872 1616 caelo

461 1645 762 1710 Christus
833 1667 984 1710 cum
1045 1647 1208 1711 tuba
1277 1649 1568 1727 terribili,
1639 1657 1709 1713 et
1782 1671 1947 1714 uoce
2021 1652 2315 1733 quadam
2391 1671 2640 1733 magna
2712 1662 2872 1717 tunc

456 1760 927 1832 perstrepente,

457 1864 582 1918 est.

457 2062 614 2144 quia
661 2062 839 2125 dicet
885 2066 900 2093 ‘
919 2060 1204 2144 surgite.’

1022 1752 1386 1816 secundum
1484 1752 1786 1816 diuinam
1884 1753 2429 1837 inoperationem,
2502 1764 2578 1817 ut
2668 1756 2873 1818 moris

687 1854 994 1918 ‘tubam’
1041 1866 1384 1938 nuncupat
1436 1855 1908 1939 archangelum
1967 1857 2489 1940 praecipientem
2540 1857 2871 1935 omnibuS,

869 1960 1195 2022 ‘iussum’
1255 1979 1415 2023 uero
1491 1970 1692 2024 uocat
1768 1980 2003 2023 uocem
2086 1961 2384 2023 eiusdem
2463 1960 2867 2044 archangeli,

1294 2061 1398 2125 his
1449 2072 1675 2126 autem
1723 2064 1818 2128 ita
1868 2064 2121 2128 effectis
2168 2064 2396 2128 omnia
2449 2072 2643 2127 erunt
2687 2083 2869 2129 com-

456 2168 796 2251 pendiosa,
851 2166 943 2230 ita
1003 2176 1078 2230 ut
1141 2166 1234 2230 illi
1297 2166 1412 2249 qui
1468 2188 1592 2250 pro
1651 2166 1785 2232 fide
1835 2168 2078 2231 mortui
2124 2178 2281 2232 sunt
2331 2168 2584 2251 priores
2630 2170 2869 2232 ceteris

457 2279 818 2352 resurgant,
851 2277 918 2332 et
949 2290 1102 2333 cum
1134 2269 1261 2333 illis
1292 2269 1599 2335 fidelibus
1632 2271 1744 2353 qui
1778 2280 1937 2335 tunc
1980 2271 2049 2334 in
2090 2272 2230 2335 uita
2269 2270 2396 2334 hac
2441 2271 2871 2335 inueniuntur

457 2394 655 2456 super
684 2373 892 2437 nubes
923 2374 1113 2457 quasi
1146 2374 1550 2456 quibusdam
1593 2374 1913 2439 uehiculis
1946 2376 2116 2458 rapti
2162 2376 2491 2439 ducantur
2539 2376 2607 2439 in
2650 2380 2870 2438 ae'rem

555 2651 584 2684 α
619 2634 672 2682 in
697 2631 949 2697 (befobu.)
973 2648 1051 2681 om
1079 2633 1122 2682 C
1143 2631 1291 2695 (corr)
1313 2650 1348 2682 r

461 2732 487 2783 7
523 2719 574 2768 in
601 2719 706 2783 (bes
712 2717 849 2776 adu.)
873 2715 980 2764 add
991 2715 1061 2763 Η

457 2801 578 2849 tuba
606 2815 639 2848 r

461 2880 505 2930 C
518 2879 586 2928 H
624 2877 954 2944 percipientes
975 2883 1026 2926 et
1048 2891 1082 2924 r

519 3017 568 3068 6.
625 3013 1099 3082 primitiae...finis]
1161 3029 1182 3064 1
1228 3014 1347 3065 Cor.
1391 3031 1474 3065 xv.
1524 3030 1606 3080 23,

454 3100 579 3149 with
615 3099 702 3148 the
739 3096 1052 3146 remarkable
1081 3096 1218 3160 gloss
1252 3095 1406 3145 found
1436 3096 1489 3145 in
1528 3102 1614 3153 the

457 3181 562 3232 Gk.
585 3180 643 3230 of
658 3181 719 3236 F,
749 3181 794 3230 G
815 3179 879 3238 (οί
906 3181 960 3228 ἐν
993 3175 1060 3240 τῇ
1090 3181 1330 3241 παρουσίᾳ
1353 3179 1499 3228 αὐτοῦ
1531 3173 1611 3220 ἔλ-

459 3260 703 3322 scama)
736 3260 836 3309 and
871 3259 1102 3308 reflected
1138 3259 1190 3308 in
1234 3257 1322 3308 the
1365 3257 1515 3308 Latin
1558 3255 1619 3306 of

459 3343 588 3402 Hi1.,
615 3342 794 3397 Amb.‚
824 3339 1094 3397 Ambrstr.,
1119 3339 1363 3403 PelagiuS,
1403 3337 1504 3388 and
1539 3338 1610 3401 by

457 3425 587 3474 Cod.
612 3421 758 3472 Fuld.
783 3422 886 3470 and
915 3421 999 3470 the
1031 3420 1343 3470 Clementine
1372 3420 1608 3483 Vulgate.

521 3520 567 3571 9.
639 3504 696 3552 in
714 3501 1416 3562 momente...immutabimur]
1445 3515 1464 3550 1
1486 3500 1602 3550 Cor.

455 3603 534 3636 xv.
563 3597 640 3648 52,
683 3587 737 3634 in
777 3583 864 3634 the
895 3583 1024 3633 form
1055 3582 1314 3648 presented
1353 3583 1421 3646 by
1457 3581 1523 3631 Ο.
1544 3581 1606 3630 L.

453 3669 559 3719 and
579 3668 754 3732 Vulg„
777 3673 954 3730 except
977 3665 1084 3714 that
1106 3663 1183 3714 for
1216 3665 1254 3689 “
1269 3670 1414 3713 canet
1441 3663 1563 3712 tuba
1577 3659 1608 3684 ”

453 3765 548 3800 our
569 3748 835 3800 translator
856 3745 947 3796 has
968 3745 1092 3796 used
1127 3745 1210 3794 the
1243 3759 1351 3795 rare
1376 3745 1476 3794 and
1506 3744 1610 3794 late

455 3829 742 3895 compound
765 3827 1072 3878 tubicinabit.
1125 3825 1208 3904 Cf:
1227 3824 1438 3889 Dionys.
1459 3825 1607 3890 Exig.

449 3917 597 3962 creat.
627 3925 673 3974 9.

523 4010 602 4055 14.
691 3988 1072 4055 praecipientem
1122 4003 1274 4048 omn..
1336 3987 1352 4011 ‘
1367 3986 1553 4051 surg-ite
1572 3986 1607 4049 ’]

456 4074 664 4138 Chrys.:
696 4073 746 4121 τί
770 4073 822 4121 δὲ
839 4068 1072 4134 βούλεται
1095 4065 1127 4127 ἡ
1149 4071 1286 4130 φωνὴ
1307 4069 1396 4117 τοῦ
1415 4065 1606 4130 ἀρχαγ-

453 4160 634 4219 ‘yos-‘³²23
667 4155 887 4216 καθάπερ
907 4155 992 4202 ἐπὶ
1018 4149 1116 4202 τῶν
1144 4151 1391 4215 παρθένων
1419 4152 1604 4210 ἔλεγεν·

451 4240 712 4302 ἐγείρεσθε,
743 4233 889 4295 ἦλθεν
909 4235 936 4284 ὀ
959 4233 1170 4294 νυμφίος.
1228 4233 1326 4282 Th.
1357 4231 1606 4283 identifies

452 4321 538 4370 the
562 4313 890 4381 Archangel's
911 4315 1052 4366 voice
1089 4314 1210 4365 with
1243 4314 1329 4364 the
1363 4315 1608 4373 κέλευσμο,

451 4400 694 4466 (iussus);
760 4399 941 4464 Chrys.
997 4399 1328 4450 understands
1397 4399 1468 4462 by
1521 4398 1608 4448 the

1508 2652 1539 2695 4
1573 2633 1777 2683 Christo
1802 2633 1915 2698 (for
1935 2632 2210 2693 Christum)
2236 2633 2305 2682 H
2308 2649 2339 2682 r

1365 2729 1399 2780 9
1449 2721 1703 2764 memento
1733 2711 1837 2778 (sic)
1859 2715 1929 2763 H
1948 2713 1957 2779 Ι
1984 2714 2105 2763 tuba
2134 2721 2282 2762 canet
2303 2729 2349 2762 e.
2379 2715 2423 2763 C
2444 2713 2589 2776 (corr)
2655 2714 2790 2764 canit
2825 2729 2871 2763 e.

837 2813 890 2846 11
927 2804 978 2846 et
999 2811 1078 2845 om
1103 2795 1150 2846 C
1169 2793 1315 2859 (corr)
1345 2794 1354 2859 Ι
1384 2796 1643 2846 descendit
1664 2813 1698 2845 r

1278 2874 1338 2925 16
1369 2876 1559 2927 affectis
1587 2876 1665 2927 C*
1688 2877 1757 2926 H
1768 2893 1802 2925 r

345 2492 433 2542 20
457 2476 726 2542 obuiam
788 2476 1084 2554 Domini,
1143 2476 1238 2541 ita
1297 2486 1371 2542 ut
1429 2477 1564 2542 sint
1621 2497 1887 2561 semper
1960 2496 2109 2543 cum
2170 2477 2487 2543 Domino,
2576 2476 2869 2542 ualidam

2503 2645 2531 2696 5
2566 2632 2691 2682 dixit
2712 2649 2791 2682 om
2814 2632 2883 2682 H

1894 2811 1953 2860 14
1986 2796 2347 2861 percipientem
2368 2806 2419 2847 et
2442 2798 2745 2863 (bespraec.)
2769 2797 2877 2846 add

1995 2891 2059 2926 το
2092 2877 2317 2926 Domino
2342 2878 2458 2942 (sor
2478 2877 2707 2938 Domini)
2731 2894 2766 2926 r

1714 3013 1864 3066 latter
1902 3015 1987 3065 the
2019 3015 2285 3065 command
2321 3014 2380 3065 of
2412 3016 2579 3066 Christ
2618 3022 2671 3066 at
2706 3016 2873 3066 which

1716 3093 1805 3144 the
1829 3093 1984 3143 Arch.
2012 3094 2114 3143 will
2149 3094 2323 3158 speak.
2379 3094 2535 3144 Thdt.
2565 3095 2874 3146 endeavours

1716 3181 1771 3225 to
1804 3175 2037 3224 combine
2082 3174 2222 3224 these
2266 3174 2451 3224 views:
2504 3176 2867 3234 κελευόμενος...

1716 3250 2131 3317 παρακελεύσει-αι
2152 3256 2251 3306 τοῖς
2272 3254 2447 3316 νεκροῖς
2462 3251 2741 3312 ἀναστῆναι.

1780 3337 1809 3386 1
1831 3337 1959 3386 have
1980 3335 2221 3386 ventured
2245 3343 2297 3384 to
2320 3335 2446 3384 omit
2468 3335 2554 3385 the
2576 3335 2741 3386 words
2758 3343 2871 3400 per-

1714 3416 1963 3482 cupientem
1985 3422 2031 3466 et
2052 3418 2152 3477 (see
2174 3431 2255 3466 vv.
2282 3415 2374 3479 11.).
2418 3416 2609 3480 Perap.
2632 3415 2723 3466 has
2744 3417 2873 3466 been

1716 3497 1820 3547 first
1842 3497 2041 3548 written
2062 3497 2139 3546 for
2144 3496 2535 3561 praecipientem,
2551 3495 2672 3546 then
2695 3497 2872 3560 placed

1715 3578 1769 3628 in
1814 3578 1899 3627 the
1942 3585 2048 3628 text
2089 3577 2198 3628 side
2228 3578 2298 3642 by
2332 3577 2440 3628 side
2482 3576 2606 3626 with
2646 3577 2731 3626 the
2766 3585 2874 3628 true

1714 3659 1938 3724 reading,
1970 3659 2071 3709 and
2094 3658 2266 3723 finally
2286 3658 2563 3708 connected
2586 3657 2709 3708 with
2736 3659 2776 3708 it
2806 3659 2875 3724 by

1716 3757 1747 3790 a
1769 3741 1967 3805 copula.
2020 3741 2201 3806 Jacobi
2222 3741 2383 3806 prints
2406 3741 2832 3806 “praecedentem
2844 3739 2874 3762 ”

1708 3821 1793 3880 ,for
1801 3822 2039 3886 praeap..
2061 3821 2321 3886 following
2344 3821 2475 3871 Rab-
2501 3821 2601 3887 (ed.
2626 3822 2838 3887 Migne).

1787 3919 1862 3968 15.
1940 3903 2193 3961 ‘ius-eum:
2222 3903 2341 3966 δῖα]
2390 3904 2683 3956 Lanfrane:
2722 3907 2870 3956 “ius-

1714 4001 1827 4036 sum
1858 3984 1941 4036 uel
1975 3985 2149 4035 tubam
2186 3993 2335 4036 uocat
2371 4001 2551 4036 uocem
2588 3987 2873 4052 archangeli

1712 4068 1801 4135 qui
1823 4069 1956 4120 dicet
1982 4069 1997 4095 ‘
2010 4069 2230 4134 surgite)
2248 4068 2278 4093 ’'

1784 4164 1859 4214 17.
1910 4151 2211 4216 quiprofide
2226 4166 2295 4200 m.
2312 4151 2379 4212 s.]
2402 4149 2483 4201 Cf.
2498 4158 2654 4215 supra
2674 4151 2708 4200 1.
2726 4169 2757 4213 4
2774 4163 2871 4210 sq.:

1712 4232 1954 4296 φαίημεν
1980 4232 2179 4282 Christo
2200 4233 2395 4282 mortui
2421 4239 2557 4281 sunt.
2638 4232 2793 4282 Thdt.
2830 4232 2873 4282 is

1714 4328 1853 4364 more
1870 4311 2137 4363 inclusive:
2169 4313 2211 4362 οί
2236 4313 2458 4376 εὐσεβείᾳ
2487 4313 2871 4375 λαμπρυνόμενοι

1714 4393 1893 4458 πρῶτοι
1916 4396 2000 4455 τῆς
2024 4395 2332 4446 ἀναστάσεως
2356 4396 2733 4448 ἀπολαύσονται.
