3250 5025
507 325 627 373 112

1164 319 1623 373 THEODORUS
1672 316 2255 372 MOPSUESTENUS

2660 301 2818 386 [111.
2850 301 2912 363 6.

501 491 912 576 baptismum
945 502 1047 558 est
1077 492 1454 559 adsecutus,
1503 513 1663 557 nam
1694 492 1900 556 fidem
1933 489 2471 574 ‘plantationem'
2504 496 2721 564 uocat,
2746 487 2917 551 sicut

502 604 570 659 et
630 597 921 662 scribens
967 599 1145 662 dixit
1193 620 1304 682 ego
1335 597 1666 682 plantaui,
1696 595 1829 660 hoc
1874 604 1993 673 est,
2044 595 2169 659 ‘ad
2214 593 2419 656 fidem
2466 591 2759 656 adduxi.'
2849 599 2917 654 et

501 699 588 764 de
633 701 1040 786 baptismate
1085 703 1389 767 similiter
1419 703 1681 767 scribit:
1724 701 1792 764 si
1828 701 2003 764 enim
2046 696 2447 782 conplantati
2468 695 2655 777 facti
2690 713 2918 757 sumus

499 803 935 869 similitudini
961 805 1190 870 mortis
1225 806 1380 882 eius,
1411 805 1496 867 de
1541 803 1953 892 baptismate
1984 801 2228 866 dicens,
2296 799 2545 863 etenim
2580 817 2714 861 non
2747 796 2919 860 adeo

440 916 471 986 5
503 917 692 970 erant
737 909 864 972 ista
896 906 1349 990 apostolorum
1383 918 1685 989 tempore
1708 906 1923 968 diuisa
1955 913 2027 968 ut
2058 913 2128 968 et
2157 903 2499 966 crederent
2526 911 2593 965 et
2623 901 2922 983 baptiza-

502 1019 746 1088 rentur,
765 1031 847 1074 eo
878 1012 1056 1095 quod
1084 1011 1179 1075 illi
1206 1011 1317 1094 qui
1343 1032 1477 1075 non
1509 1011 1834 1094 baptizati
1860 1020 2051 1074 erant
2082 1029 2203 1073 nec
2222 1007 2455 1072 fideles
2486 1017 2645 1072 tunc
2668 1027 2919 1070 nuncu-

502 1116 837 1198 pabantur
862 1135 878 1193 3
926 1115 1105 1178 unde
1135 1124 1202 1178 et
1232 1135 1322 1178 ex
1355 1115 1590 1179 eadem
1621 1114 2101 1178 consuetudine
2133 1111 2351 1176 adhuc
2382 1119 2451 1176 et
2486 1131 2799 1194 praesens
2829 1109 2921 1172 illi

445 1239 455 1248 ·
504 1218 618 1300 qui
651 1218 973 1300 baptizati
1004 1226 1160 1281 sunt
1201 1215 1507 1281 ‘fideles'
1541 1228 1880 1282 uocantur.
1969 1215 2271 1299 plurimis
2312 1236 2471 1279 uero
2512 1215 2578 1278 in
2622 1214 2921 1298 partibus

507 1340 724 1405 neque
783 1320 1177 1384 christianos
1229 1329 1475 1384 uocant
1532 1341 1650 1383 eos
1710 1321 1821 1404 qui
1870 1340 2005 1383 non
2065 1327 2505 1402 perceperunt
2560 1319 2919 1402 baptisma.

405 1439 485 1489 10
509 1446 665 1490 nam
711 1436 778 1491 et
809 1423 1155 1509 apostolus
1201 1425 1296 1489 sic
1325 1425 1527 1488 dicit:
1571 1425 1639 1488 si
1678 1425 1825 1506 quis
1866 1433 2084 1487 autem
2132 1421 2387 1489 Christi
2426 1422 2756 1505 Spiritum
2796 1443 2923 1487 non

505 1529 708 1606 habet,
736 1529 842 1592 hic
866 1550 990 1592 non
1017 1539 1114 1594 est
1137 1529 1290 1593 eius.
1381 1526 1657 1593 euidens
1688 1537 1792 1592 est
1825 1529 2143 1612 quoniam
2188 1527 2511 1611 Spiritum
2554 1549 2689 1592 non
2718 1527 2925 1593 habet

508 1635 622 1718 qui
656 1634 992 1716 baptisma
1028 1654 1163 1697 non
1209 1634 1503 1717 percipit.
1597 1632 1743 1698 uult
1788 1654 1947 1717 ergo
1989 1651 2143 1697 eum
2190 1634 2303 1717 qui
2349 1633 2417 1696 in
2464 1632 2923 1716 episcopatum

508 1739 897 1823 producitur
924 1760 1013 1803 ex
1047 1737 1258 1802 multo
1288 1749 1592 1821 tempore
1637 1736 1905 1802 fidelem
1947 1759 2093 1802 esse
2134 1745 2203 1801 et
2244 1737 2700 1820 baptizatum3
2746 1735 2925 1800 unde

511 1853 580 1910 et
640 1844 883 1910 multas
942 1866 1177 1910 causas
1235 1846 1400 1910 dicit
1455 1844 1612 1909 huic
1671 1845 1763 1907 rei
1824 1842 2227 1908 necessarias
2288 1851 2357 1906 et
2414 1841 2611 1907 ualde
2671 1840 2927 1923 dignas.

612 2136 641 2171 2
673 2119 773 2170 hoc
794 2126 870 2170 est
892 2119 1080 2184 egopl.
1110 2117 1193 2168 C*
1217 2115 1310 2183 Hl
1341 2117 1513 2168 induxi
1535 2118 1603 2167 H

511 2204 574 2254 H
599 2198 608 2267 Ι
635 2218 767 2252 nunc
789 2202 1101 2266 cupabantur
1126 2200 1210 2250 C*

513 2299 547 2351 9
578 2299 764 2334 uocans
786 2284 854 2334 H
857 2300 890 2333 r

512 2439 668 2491 Thdt.
693 2436 796 2502 (τὸν
818 2439 952 2488 εὐθὺς
973 2431 1372 2498 πεπιστευκότα).
1440 2435 1527 2484 He
1549 2433 1674 2484 does

511 2531 616 2586 not,
655 2524 761 2574 like
804 2522 926 2579 Th„
960 2522 1062 2571 add
1105 2520 1192 2571 the
1223 2519 1547 2570 alternative:
1593 2519 1675 2567 ‘or

512 2606 599 2656 the
621 2605 785 2669 newly
805 2600 1074 2668 baptized.'

584 2701 627 2735 1.
695 2684 854 2750 fidem
893 2682 1262 2749 plantationem
1315 2679 1391 2743 τι]
1444 2678 1535 2740 τὴν
1579 2680 1679 2743 γὰρ

515 2766 682 2815 πίστιν
717 2767 946 2827 φύτευσιν
979 2764 1134 2824 λέγει.
1203 2762 1282 2812 Cf.
1321 2778 1341 2811 1
1381 2762 1499 2812 Cor.
1539 2753 1610 2809 i'ii.
1645 2757 1677 2808 6

515 2844 636 2909 (ἐγὼ
668 2845 960 2906 &primumn
994 2844 1097 2893 add
1127 2860 1210 2893 vv.
1247 2853 1294 2905 7,
1329 2844 1376 2901 8,
1403 2842 1506 2891 and
1532 2857 1576 2891 c.
1608 2840 1677 2890 ix.

519 2942 547 2992 7
589 2925 678 2992 (τίς
718 2926 1208 2988 φυτεύει...καὶ...οὔκ
1243 2924 1466 2986 ἐσθίεις).
1534 2920 1681 2973 Th.’s

516 3011 661 3062 other
683 3010 932 3060 reference
955 3008 998 3057 is
1019 3008 1116 3057 less
1132 3006 1378 3055 felicitous
1390 3024 1406 3067 ς
1440 3006 1683 3067 σύμφυτοι

524 3090 776 3155 (Rom.vi.
800 3091 866 3153 5),
890 3105 946 3139 as
971 3089 1148 3153 Meyer
1168 3088 1260 3137 has
1283 3086 1490 3151 pointed
1514 3094 1618 3144 out,
1638 3086 1681 3136 is

519 3180 610 3224 not
640 3172 967 3237 complantati
996 3170 1074 3232 [as
1102 3170 1148 3219 if
1149 3192 1194 3213 =
1205 3169 1564 3230 συμφυτευτοί],
1591 3167 1685 3217 but

521 3255 690 3307 rather
744 3251 1083 3304 “connati”
1137 3268 1195 3302 or
1250 3248 1685 3301 “coalescentes”

522 3339 636 3388 The
671 3337 853 3386 former
893 3351 1034 3386 sense
1071 3334 1114 3384 is
1145 3334 1380 3384 however
1410 3334 1684 3399 supported

521 3420 590 3484 by
627 3417 713 3468 the
749 3416 974 3478 Peshito,
1021 3414 1336 3480 Memphitie,
1385 3414 1486 3464 and
1531 3414 1683 3464 Latin

523 3498 746 3549 versions
790 3493 1252 3560 [“complantati”;
1307 3494 1398 3543 but
1443 3494 1582 3543 Tert.
1628 3492 1687 3542 de

513 3581 689 3647 pudic.
742 3591 816 3642 17,
868 3575 1188 3639 “consati''];
1239 3576 1339 3625 and
1381 3576 1452 3639 by
1494 3575 1687 3639 Origen

527 3664 690 3725 (Rom.
713 3662 786 3711 ad
799 3661 876 3723 l.)‚
904 3676 959 3710 as
979 3659 1093 3709 well
1124 3659 1193 3723 by
1223 3658 1293 3708 all
1324 3658 1410 3708 the
1442 3658 1686 3707 Antioch-

525 3760 644 3799 enes
681 3744 810 3794 srom
843 3743 1070 3793 Diodore
1097 3742 1414 3791 downwards
1441 3740 1526 3805 (cf.
1561 3754 1598 3792 1.
1632 3757 1687 3807 p.

530 3826 728 3891 lxxiii.).

594 3924 643 3970 5.
711 3914 772 3957 ut
807 3912 853 3957 et
889 3906 1136 3957 crederent
1177 3912 1224 3956 et
1266 3905 1421 3972 hapa]
1479 3904 1537 3956 τὸ
1577 3923 1688 3955 πισ-

525 3990 678 4039 τεύειν
699 3990 781 4037 καὶ
801 3984 858 4036 τὸ
878 3988 1219 4050 βαπτίζεσθαι.

593 4072 640 4119 8.
709 4068 1262 4135 fideles...christianos]
1342 4068 1455 4119 The
1501 4068 1687 4118 second

527 4150 637 4202 title
689 4167 793 4201 was
837 4151 959 4200 used
1003 4151 1056 4199 in
1100 4166 1251 4216 many
1293 4158 1518 4216 quarters
1563 4151 1689 4201 with

525 4240 720 4300 greater
762 4232 972 4282 latitude
1017 4232 1136 4283 than
1183 4234 1268 4283 the
1312 4234 1434 4283 first.
1501 4233 1688 4298 Comp.

527 4315 614 4366 the
659 4314 780 4379 59th
822 4328 986 4363 canon
1021 4314 1082 4363 os
1115 4314 1202 4364 the
1247 4314 1338 4363 Co.
1391 4314 1450 4363 of
1488 4313 1689 4363 Elvira:

528 4395 938 4462 “prohibendum
961 4402 1034 4445 est
1062 4410 1126 4444 ne
1153 4395 1264 4460 quis
1298 4394 1690 4445 Christianus

409 1965 480 2033 15
509 1950 755 2015 adiecit
804 1970 964 2014 uero
1008 1948 1294 2032 primam
1339 1955 1612 2012 causam
1659 1946 1930 2011 dicens:
1991 1956 2068 2011 ut
2107 1967 2186 2010 ne
2226 1945 2437 2010 elatus
2488 1945 2558 2010 in
2614 1946 2927 2010 iudicium

1858 2133 1889 2178 4
1924 2115 2181 2167 similitudi
2206 2117 2273 2165 H
2556 2113 2591 2164 6
2622 2121 2762 2166 erant
2784 2115 2922 2180 bapt.

1444 2212 1471 2264 7
1506 2199 1917 2250 consuetudinem
1947 2197 2033 2248 C*
2052 2199 2121 2248 H
2137 2196 2145 2264 Ι
2174 2198 2241 2248 ad
2263 2213 2422 2264 praes.
2458 2198 2503 2248 C
2521 2197 2671 2262 (corr)
2700 2196 2710 2262 Ι
2739 2197 2852 2247 illos
2874 2195 2943 2246 H

1776 2433 1843 2482 ad
1860 2432 2553 2497 idolum...ascendat...quod
2580 2434 2623 2482 si
2638 2431 2808 2483 fecerit
2826 2433 2933 2498 pari

1777 2516 1985 2565 crimine
2029 2521 2284 2575 teneatur3
2350 2514 2401 2564 si
2457 2514 2639 2566 suerit
2690 2515 2781 2565 sid
2797 2516 2928 2575 elis,

1778 2602 1893 2661 post
1912 2612 1955 2645 x.
1977 2610 2135 2644 annos
2156 2602 2269 2644 acta
2289 2594 2599 2658 poenitentia
2620 2593 2938 2660 recipiatur.”

1780 2679 1892 2729 The
1928 2678 2203 2742 pretended
2242 2677 2329 2739 7th
2362 2691 2525 2725 canon
2563 2676 2622 2725 of
2652 2676 2937 2726 Constanti—

1781 2758 1951 2823 nople,
1979 2774 2010 2807 a
2043 2758 2342 2823 production
2374 2757 2592 2822 perhaps
2624 2756 2683 2806 of
2708 2756 2795 2807 the
2828 2755 2939 2807 fifth

1782 2847 1987 2905 century
2010 2838 2233 2902 [Hefele‚
2262 2838 2312 2887 ii.
2334 2855 2384 2903 p.
2406 2838 2538 2903 3681,
2566 2855 2678 2889 uses
2692 2838 2777 2888 the
2798 2839 2938 2889 word

1782 2925 2061 2985 χριστιανός
2098 2939 2153 2971 as
2175 2939 2205 2971 a
2228 2937 2471 2986 synonym
2494 2922 2571 2971 sor
2591 2937 2622 2971 a
2642 2922 2866 2972 member
2887 2920 2947 2970 of

1783 3006 1869 3055 the
1892 3004 2066 3055 lowest
2088 3003 2215 3055 class
2237 3003 2293 3053 of
2310 3004 2659 3054 catechumens
2684 3001 2790 3067 (τὴν
2812 3004 2937 3066 πρώ-

1782 3106 1874 3148 την
1897 3088 2077 3149 ἡμέραν
2100 3086 2330 3147 ποιοῦμεν
2353 3086 2695 3149 χριστιανούς).
2746 3086 2832 3137 On
2852 3086 2941 3138 the

1783 3168 1926 3219 other
1968 3168 2106 3217 hand
2150 3167 2203 3217 in
2244 3168 2587 3217 monumental
2624 3167 2943 3232 inscriptions

1783 3250 1870 3300 the
1903 3251 2093 3316 epithet
2126 3252 2297 3301 πιστός
2318 3251 2361 3299 is
2383 3251 2589 3315 applied
2622 3258 2675 3299 to
2708 3249 2940 3314 baptized

1784 3334 2009 3383 children
2046 3333 2104 3383 of
2133 3334 2307 3383 tender
2344 3348 2439 3397 age
2476 3334 2581 3393 (see
2617 3348 2727 3382 exx.
2763 3333 2817 3382 in
2856 3332 2944 3382 the

1784 3416 1923 3465 Dict.
1958 3416 2021 3481 qs
2046 3414 2166 3465 Chr.
2206 3416 2334 3463 Ant.
2366 3413 2401 3462 i.
2439 3411 2583 3477 656);
2615 3429 2709 3461 nor
2744 3413 2867 3463 does
2904 3413 2946 3463 it

1784 3514 1920 3548 seem
1943 3506 1996 3548 to
2018 3498 2146 3547 have
2175 3496 2305 3547 been
2334 3496 2539 3561 applied
2568 3496 2621 3545 in
2643 3512 2675 3545 a
2696 3495 2945 3545 technical

1786 3596 1931 3631 sense
1968 3586 2023 3629 to
2058 3594 2157 3643 any
2190 3578 2307 3627 who
2342 3577 2445 3627 had
2478 3583 2568 3625 not
2600 3574 2826 3626 received
2860 3576 2947 3627 the

1786 3660 2041 3724 initiatory
2060 3665 2353 3709 sacrament.
2422 3657 2596 3709 Suicer
2614 3656 2783 3707 would
2816 3657 2949 3708 limit

1789 3744 1852 3793 its
1874 3758 1961 3793 use
1984 3749 2035 3791 to
2058 3741 2451 3791 communicants
2474 3738 2549 3803 (ii.
2576 3740 2721 3804 742):
2758 3740 2941 3791 “illi...

1789 3824 1883 3875 soli
1928 3824 2259 3875 censebantur
2302 3820 2425 3872 olim
2473 3820 2647 3870 fideles
2689 3821 2777 3885 qui
2812 3822 2876 3872 ad
2900 3838 2940 3872 S.

1790 3923 1973 3957 caenae
2025 3905 2429 3957 communionem
2484 3904 2950 3968 admittebantur;”

1789 3989 1881 4038 but
1917 3986 1995 4037 his
2028 3986 2259 4035 citations
2291 4000 2446 4050 prove
2480 3984 2601 4049 only
2624 3984 2739 4036 that
2772 3985 2813 4036 it
2847 4002 2951 4037 was

1790 4068 2048 4119 restricted
2066 4074 2123 4117 ‘to
2146 4067 2232 4117 the
2254 4067 2505 4131 baptized.

1861 4164 1934 4197 11.
2007 4148 2258 4211 Spiritum
2292 4162 2395 4196 non
2426 4146 2580 4205 habet,
2620 4145 2733 4209 δια]
2801 4145 2883 4196 Cf.
2910 4158 2949 4197 1.

1790 4246 1842 4295 p.
1887 4228 2078 4279 lxxxiii.
2144 4228 2259 4279 The
2302 4228 2512 4279 citation
2550 4229 2720 4291 (Rom.
2758 4228 2861 4277 viii.
2902 4230 2957 4294 9)

1788 4326 1961 4375 agrees
1983 4310 2223 4361 verbatim
2248 4309 2372 4361 with
2394 4310 2481 4361 the
2501 4310 2737 4374 vulgate.
