3250 5025
518 365 643 428 302
1474 360 1860 414 APPENDIX
1913 363 1981 412 A.

515 528 549 590 ὅ
586 529 902 613 μονογενής
944 532 1290 608 κατηξίωσεν
1333 529 1507 593 αὐτοῦ
1548 558 1684 610 μνη·
1773 531 2126 595 memoriam
2155 529 2683 612 uisitationemque
2726 535 2938 598 facere.

514 628 731 705 σθῆναί
756 654 816 689 τε
842 630 935 690 καὶ
956 631 1276 708 ἐπισκοπὴν
1295 629 1675 708 ποιήσασθαι.
1775 632 1884 691 sed
1925 632 2092 709 quod
2135 631 2382 708 quidem
2424 651 2551 692 non
2591 633 2822 694 dictum
2851 643 2944 694 est

514 722 654 783 ἀλλ’
698 723 787 785 ὅτι
833 725 901 786 οὐ
949 727 1080 805 περὶ
1119 729 1330 791 rava-ds·
1377 724 1682 806 ἀνθρώπου
1774 731 1854 790 de
1901 729 2085 802 omni,
2131 716 2196 788 in
2239 729 2641 808 superioribus
2697 731 2944 792 demon-

514 823 622 898 μὲν
666 823 895 902 εἴρηται,
944 829 1004 885 ἐν
1048 830 1167 890 τοῖς
1208 824 1467 904 α’νωτέρω
1512 826 1680 886 δέδει-
1775 839 2025 888 stratum
2067 838 2193 903 est;
2249 827 2413 904 quod
2453 839 2657 889 autem
2701 849 2822 888 non
2865 831 2944 890 de

453 937 484 994 5
520 939 667 980 κται·
706 919 795 980 ὅτι
824 921 883 981 δὲ
911 921 1039 982 οὐδὲ
1065 923 1195 1000 περὶ
1228 922 1346 986 ἑνός
1382 947 1530 986 τινος
1567 927 1679 984 τῶν
1775 945 1900 986 uno
1949 925 2237 1002 quolibet,
2287 937 2346 986 et
2391 927 2508 986 hoc
2557 938 2788 987 certum
2831 939 2942 988 est.

515 1015 815 1094 τυχόντων,
848 1017 939 1078 καὶ
964 1021 1133 1078 τοῦτο
1164 1017 1415 1096 εὔδηλον.
1496 1017 1591 1079 ἵνα
1618 1019 1680 1080 δὲ
1773 1033 1840 1082 ut
1881 1033 2084 1082 autem
2129 1021 2335 1081 omnia
2383 1023 2941 1100 praetermittamuS,

515 1114 738 1178 ἅπαντα
762 1121 1041 1197 παρῶμεν,
1072 1116 1137 1177 τό
1164 1115 1389 1179 πάντων
1415 1115 1679 1179 etin-corci-
1775 1121 1940 1196 quod
1984 1119 2265 1180 omnibus
2307 1120 2648 1181 credibilius
2679 1132 2769 1182 est
2797 1141 2942 1200 apo-

515 1239 679 1291 τερον
740 1214 845 1291 τήν
909 1214 1303 1292 ἅποστολικήν
1370 1214 1680 1293 μαρτυρίαν
1774 1217 2052 1276 stolicum
2096 1217 2509 1278 testimonium
2552 1217 2938 1296 excipiamus.

518 1308 881 1388 ἑκδεξῶμεθα.
1773 1308 1978 1370 scribit
1999 1309 2176 1386 igitur
2195 1312 2505 1388 apostolus
2523 1313 2602 1371 ad
2623 1312 2941 1373 Hebraeos

415 1428 487 1468 10
514 1427 757 1467 narrans
806 1410 883 1469 de
934 1409 1189 1484 Christ0,
1238 1429 1678 1488 personamque
1723 1427 1892 1469 suam
1946 1428 2072 1468 non
2127 1409 2560 1486 acceptabilem
2616 1410 2784 1487 apud
2837 1429 2942 1471 eos

515 1505 873 1566 confirmans
912 1505 995 1566 ita
1036 1506 1214 1567 dicit:
1274 1507 1601 1584 testzficatus
1638 1515 1723 1566 est
1761 1525 1895 1565 uero
1932 1506 2152 1565 alicubi
2183 1508 2420 1582 que'dam
2448 1506 2634 1566 dxi-ens
2663 1511 2680 1538 ‘
2695 1509 2842 1584 quid
2863 1516 2948 1568 est

512 1603 677 1661 homo
711 1604 868 1678 quod
898 1623 1113 1663 memor
1134 1624 1191 1664 es
1214 1606 1334 1664 eius
1352 1609 1379 1664 t
1418 1613 1528 1664 aut
1532 1604 1711 1682 filius
1735 1603 1988 1663 hominis
2011 1603 2168 1680 quod
2189 1604 2398 1663 uisitas
2421 1624 2549 1662 eum
2569 1608 2597 1663 ?
2637 1606 2954 1665 minorasti

513 1719 639 1759 eum
667 1701 855 1776 paulo
894 1703 1087 1760 minus
1126 1702 1201 1760 ab
1238 1701 1467 1780 angelis,
1510 1702 1706 1778 gloria
1737 1708 1794 1759 et
1816 1701 2029 1760 honore
2059 1703 2340 1760 coronasti
2373 1719 2502 1759 eum
2527 1708 2584 1760 et
2603 1703 2956 1764 constituisti

514 1815 639 1855 eum
666 1805 849 1872 supra
876 1805 1048 1872 opera
1078 1817 1359 1856 manuum
1387 1805 1628 1857 tuarum
1637 1821 1666 1869 ,·
1704 1799 1903 1857 omnia
1927 1799 2213 1856 subiecisti
2235 1799 2340 1856 sub
2354 1799 2598 1874 pedibus
2621 1797 2800 1858 eius*.
2883 1811 2946 1860 et

416 1911 484 1970 15
516 1909 653 1950 cum
698 1891 1105 1952 testimonium
1148 1892 1390 1954 dixisset
1433 1891 1827 1969 interpretans
1869 1891 2066 1970 ipsum
2105 1890 2339 1953 intulit:
2393 1895 2710 1953 subiciendo
2750 1903 2944 1954 autem

513 1991 727 2061 omnia,
762 1991 921 2050 nibil
940 1992 1163 2051 dimisit
1188 2011 1303 2051 non
1342 1993 1664 2052 subiectum.
1751 1991 1914 2052 modo
1943 1999 2134 2051 autem
2171 1993 2422 2051 nondum
2460 1993 2715 2052 uidemus
2749 1995 2946 2053 omnia

512 2087 573 2146 ei
600 2088 857 2147 subiecta.
942 2098 1003 2148 et
1045 2087 1177 2166 quis
1220 2089 1407 2148 homo
1451 2098 1538 2149 est
1565 2088 1794 2148 docens
1823 2105 1951 2160 noS‚
1983 2087 2266 2163 quoniam
2295 2087 2544 2148 dubium
2573 2100 2700 2148 erat
2725 2109 2762 2148 a
2789 2109 2946 2150 uoce

515 2183 710 2259 posita
749 2185 911 2262 apud
953 2186 1195 2245 beatum
1240 2185 1459 2256 Dauid,
1498 2183 1733 2245 intulit:
1759 2187 1944 2261 paulo
1978 2193 2168 2244 autem
2198 2187 2391 2245 minus
2416 2186 2492 2244 ab
2517 2187 2733 2263 angelis-
2760 2188 2942 2247 mino-

514 2287 709 2339 ratum
740 2283 993 2340 uidemus
1020 2285 1231 2358 Iesum,
1248 2290 1491 2359 propter
1500 2282 1830 2358 passionem
1860 2283 2062 2340 mor-‘ir
2073 2281 2264 2357 gloria
2284 2288 2342 2339 et
2363 2283 2575 2341 honore
2589 2290 2940 2342 coronatum.

414 2397 488 2437 20
516 2377 565 2436 si
606 2376 781 2454 igitur
821 2399 896 2439 ex
936 2378 1255 2456 euangeliis
1297 2378 1543 2456 quidem
1584 2375 1888 2438 erudimur
1927 2376 2007 2436 ad
2049 2376 2381 2438 Dominum
2431 2377 2651 2439 dixisse
2695 2378 2942 2440 beatum

517 2473 720 2535 Dauid
762 2473 966 2536 omnia
1006 2493 1162 2553 quae
1191 2485 1329 2536 sunt
1356 2473 1591 2553 psalmi,
1619 2484 1682 2534 et
1710 2485 1924 2548 cetera,
1957 2484 2017 2533 et
2046 2473 2211 2550 quod
2242 2493 2455 2533 memor
2475 2493 2533 2534 es
2559 2485 2620 2535 et
2648 2476 2856 2535 utititas
2882 2485 2943 2537 et

513 2574 833 2633 minorasti
868 2584 928 2633 et
969 2574 1260 2646 subiecisti,
1306 2592 1381 2632 ex
1425 2574 1706 2650 apostolo
1755 2591 1898 2631 uero
1947 2573 2149 2630 Iesum
2198 2590 2329 2631 esse
2373 2570 2657 2631 discimus
2697 2571 2778 2631 de
2817 2591 2943 2648 quo

511 2669 767 2747 loquens
811 2668 1017 2729 Dauid
1058 2668 1204 2730 dicit
1246 2680 1306 2729 et
1339 2670 1503 2747 quod
1533 2667 1661 2729 eius
1689 2686 1922 2727 memor
1949 2679 2040 2728 est
2068 2678 2130 2728 et
2157 2669 2324 2744 quod
2353 2687 2489 2728 eum
2517 2667 2800 2742 uisitauit,
2829 2671 2942 2730 sed

512 2765 693 2826 etiam
736 2767 902 2842 quod
944 2765 1147 2827 omnia
1189 2763 1441 2827 subiecit
1482 2766 1539 2827 ei
1579 2785 1720 2825 cum
1761 2765 1943 2842 paulo
1986 2764 2182 2825 minus
2223 2766 2301 2825 ab
2338 2765 2564 2843 angelis
2591 2765 2944 2826 minorasset

412 2880 484 2939 ²5
514 2883 670 2937 eum,
711 2873 940 2923 cessate
982 2863 1080 2922 uel
1123 2862 1226 2923 uix
1262 2859 1586 2939 aliquando
1615 2882 1656 2922 a
1681 2873 1878 2922 uestra
1911 2860 2288 2939 impudentia
2314 2873 2747 2939 cognoscentes
2777 2864 2945 2940 quod

513 2974 771 3040 oportet.
854 2960 1069 3021 uidetis
1099 2961 1277 3035 enim,
1314 2981 1353 3024 o
1382 2960 1654 3022 omnium
1683 2959 1999 3021 hominum
2029 2959 2482 3032 sceleratissimi,
2511 2970 2738 3037 quanta
2777 2972 2944 3021 natu-

514 3078 709 3119 rarum
748 3069 839 3118 est
874 3058 1226 3131 differentia,
1257 3059 1423 3135 quod
1463 3056 1562 3117 hic
1605 3056 1854 3134 quidem
1891 3059 2260 3134 stupefactus
2302 3067 2394 3117 est
2427 3056 2570 3135 quia
2613 3068 2675 3117 et
2711 3076 2945 3117 memor

512 3173 645 3216 esse
686 3155 945 3217 hominis
988 3156 1263 3235 dignatur
1304 3167 1366 3217 et
1406 3156 1646 3217 uisitare
1675 3176 1832 3229 eum,
1863 3168 2313 3233 ceterorumque
2342 3154 2694 3233 participem
2726 3155 2940 3226 facere,

514 3270 767 3330 quorum
808 3272 948 3314 eum
990 3252 1339 3332 participem
1378 3252 1555 3325 fecit;
1598 3252 1698 3313 ille
1725 3271 1871 3313 uero
1900 3272 1935 3313 e
1962 3249 2259 3312 contrario
2287 3250 2530 3312 miratur
2558 3252 2724 3327 quod
2751 3260 2944 3311 tanto-

409 3372 489 3430 30
514 3368 647 3409 rum
675 3349 969 3427 particeps
998 3370 1129 3411 esse
1159 3369 1339 3427 supra
1366 3368 1533 3409 suam
1564 3359 1838 3409 naturam
1866 3346 2098 3407 meruit.
2159 3346 2336 3407 ethic
2355 3346 2603 3422 quidem
2627 3357 2942 3423 tamquam

514 3445 873 3506 beneficium
916 3447 1066 3507 dans
1108 3446 1447 3506 mirificatur
1488 3455 1550 3505 et
1590 3464 1810 3522 magna
1844 3454 2152 3522 praestans
2195 3454 2255 3503 et
2297 3461 2476 3520 supra
2515 3453 2787 3503 naturam
2815 3440 2945 3503 eius

513 3544 619 3621 qui
660 3542 1044 3621 consequitur
1070 3542 1429 3605 beneficium
1449 3564 1467 3618 3
1510 3542 1609 3603 ille
1638 3561 1784 3603 uero
1812 3551 2117 3619 tamquam
2147 3539 2508 3601 beneficium
2537 3558 2936 3617 consequens,

512 3653 575 3705 et
602 3641 827 3702 maiora
854 3660 1035 3719 quam
1064 3652 1154 3701 est
1180 3640 1259 3701 ab
1287 3659 1361 3701 eo
1388 3638 1733 3717 suscipiens,

1568 3770 1750 3827 Boox
1793 3786 1879 3827 x1.

678 3864 835 3949 [Act.
871 3867 1058 3928 Cone.
1094 3866 1211 3927 CP.
1245 3864 1301 3924 ii.
1335 3882 1415 3923 Vl.
1452 3863 1595 3944 (“in
1624 3863 1952 3925 undecimo
1981 3864 2134 3925 libro
2162 3865 2241 3925 de
2271 3862 2780 3942 Incarnatione”).

1360 3971 1609 4045 Sachau,
1642 3989 1740 4047 pp.
1781 3956 1961 4069 ὲν»,
1994 3968 2116 4051 49].

634 4096 739 4157 Ad
764 4096 915 4157 haec
952 4093 1153 4172 itaque
1186 4092 1485 4154 sufficiunt
1517 4092 1765 4170 quidem
1796 4105 1855 4155 et
1884 4113 2039 4171 quae
2067 4092 2343 4168 diximus,
2375 4091 2480 4153 ubi
2509 4103 2568 4155 et
2597 4104 2941 4155 naturarum

408 4208 485 4269 35
515 4192 907 4254 differentiam
945 4190 1313 4253 ostendimus
1342 4201 1402 4251 et
1430 4208 1722 4268 personae
1760 4189 2067 4265 unitatem,
2101 4202 2168 4251 -et
2205 4192 2369 4268 quod
2408 4191 2736 4251 secundum
2773 4202 2944 4251 natu-

512 4310 609 4350 ras
656 4289 768 4350 iste
811 4290 1057 4364 quidem
1111 4288 1469 4349 beneficium
1518 4286 1755 4365 accipit,
1807 4286 1907 4347 ille
1954 4299 2157 4349 autem
2201 4287 2562 4348 beneficium
2606 4290 2728 4361 dat,
2777 4298 2943 4347 certa

514 4384 839 4446 constituta
866 4384 1091 4445 unitate
1121 4403 1193 4444 ex
1220 4402 1341 4460 qua
1368 4382 1625 4445 indiuise
1654 4384 1731 4443 ab
1760 4382 2038 4445 uniuersa
2063 4370 2554 4443 creatura'honor
2579 4382 2874 4459 impletur.

1492 4498 1519 4522 ⁴*
1559 4498 1698 4548 neb.
1723 4498 1775 4546 ii.
1803 4496 1948 4561 6-9,
