3250 5025
360 375 815 428 FRAGMENTS
862 377 956 428 OF
1003 377 1158 427 THE
1205 376 1600 428 DOGMATIC
1647 377 1914 429 WORKS
1962 377 2055 428 OF
2101 378 2526 430 THEODORE.
2601 379 2724 445 317

300 571 355 626 9.
444 545 684 630 [Justin.
728 559 809 626 ep.
856 549 991 608 adu.
1042 549 1153 610 Th.
1202 545 1287 625 (ἐν
1322 547 1399 626 τῷ
1433 547 1603 627 τρίτῳ
1642 544 1784 607 κατὰ
1818 545 2226 625 Ἀπολιναρίου
2263 547 2486 630 λόγου).

2589 552 2723 611 Act.

484 649 670 708 Cone.
707 647 830 708 CP.
860 645 919 707 ii.
952 662 1032 707 ιν.
1071 665 1143 706 10
1175 647 1317 726 (“et
1344 654 1483 723 post
1509 643 1716 722 alia”).
1802 645 1936 724 Vig.
1977 663 2066 705 10.
2154 648 2354 724 Pelag.
2386 647 2422 705 l.
2453 641 2542 727 c.].

384 783 399 810 ⁸
415 773 565 856 Ἐγῶ
602 775 723 852 μέν,
766 773 837 840 ὥς
870 775 1057 854 ὁρᾶτε,
1086 775 1323 854 δύναμαι
1359 775 1467 853 μὲν

299 872 483 932 ποιεῖν
509 869 666 932 οὐδὲν
694 870 835 932 κατὰ
861 871 965 949 τὴν
992 872 1200 932 οἰκείαν
1218 871 1397 948 φύσιν
1405 873 1461 946 *‚

299 969 401 1030 ἅτε
420 968 712 1048 ἅνθρωπος
729 968 821 1030 ὧν·
851 969 1157 1052 ἐργάζομαι
1176 969 1254 1044 δέ,
1276 968 1467 1044 ἐπειδὴ

300 1069 371 1134 ἐκ
432 1067 568 1133 ἐμοὶ
626 1073 848 1134 mennon
900 1071 935 1133 ὁ
982 1071 1183 1155 πατήρ
1243 1072 1467 1133 ἅπαντα

299 1179 464 1238 ποιεῖ.
550 1176 741 1252 ἐπειδή
788 1179 899 1257 γὰρ
948 1171 1075 1246 ἐΓώ
1120 1200 1186 1236 τε
1235 1175 1463 1255 (φησὶν)

300 1275 371 1339 ἐκ
397 1276 495 1360 τῷ
524 1273 697 1361 πατρὶ
734 1274 823 1338 καὶ
856 1276 892 1339 ὁ
924 1275 1125 1360 narn-ip
1157 1273 1228 1340 ἐκ
1264 1273 1463 1351 ἑΜοΗῃ

302 1375 428 1442 θεᾶς
474 1377 536 1437 δὲ
577 1376 756 1461 λόγος
802 1381 865 1438 ἐν
910 1377 1050 1455 ἐμοί,
1096 1375 1131 1437 ὅ
1177 1381 1281 1437 τοῦ
1334 1377 1467 1438 θεοῦ

298 1474 625 1557 μονογενής·
680 1474 947 1552 δηλονότι
992 1476 1086 1535 καὶ
1126 1476 1315 1554 πατὴρ
1358 1473 1469 1535 σῦν

300 1569 444 1650 αὔτῷ
506 1576 565 1632 ἐν
622 1573 755 1650 ἐμοί
809 1597 872 1631 τε
934 1573 1115 1648 μένων
1173 1572 1265 1632 καὶ
1332 1573 1467 1654 ἔργα

300 1669 509 1728 ποιῶν)
590 1669 685 1729 καὶ
721 1668 1048 1746 θαυμαστόν
1084 1693 1152 1750 γε
1188 1667 1347 1730 οὐδὲν
1376 1669 1467 1728 ἐπὶ

297 1769 399 1826 τοῦ
445 1770 701 1844 Χριστοῦ
742 1770 909 1826 τοῦτο
955 1766 1215 1843 νομίζειν,
1264 1770 1467 1842 σαφῶς

299 1863 472 1924 αὐτοῦ
511 1865 641 1941 περὶ
674 1867 786 1924 τῶν
822 1867 1040 1924 λοιπῶν
1077 1865 1343 1942 λέγοντος
1378 1864 1467 1924 οἷν-

302 1967 555 2044 θρῶπων·
602 1965 638 2029 ὁ
679 1963 936 2037 Arandis
986 1985 1067 2026 me
1111 1963 1224 2026 τόκ
1273 1965 1462 2036 λόΓοΝ

302 2090 426 2141 mor
490 2069 755 2154 τηρήσει,
830 2064 919 2130 καὶ
981 2068 1018 2129 ὁ
1076 2066 1277 2153 πατήρ
1344 2089 1468 2141 Mor

300 2167 591 2242 &rander—:1
644 2168 855 2243 αῨτόΝ·
918 2165 1005 2232 καὶ
1060 2170 1218 2254 πρὸς
1275 2167 1463 2244 ΛῩτὸΝ

302 2271 681 2345 ἑλεγεόμεθα
726 2269 817 2336 καὶ
862 2271 1072 2335 mom-iu
1121 2271 1259 2356 παρ’
1297 2272 1466 2356 ΛῨτῴ

304 2379 641 2441 ποιήεοΜεΝ
654 2375 699 2460 ss.
758 2383 807 2440 εἰ
823 2380 936 2462 γὰρ
956 2378 1088 2455 παρ’
1117 2379 1333 2462 ἑκάστῳ
1360 2385 1471 2442 τῶν

300 2478 567 2540 τοιούτων
606 2477 639 2539 ὅ
674 2503 737 2539 τε
778 2478 967 2555 πατὴρ
1009 2478 1103 2539 καὶ
1138 2477 1172 2539 ὁ
1206 2477 1324 2542 υἶός
1363 2476 1470 2555 τὴν

300 2578 483 2655 μονὴν
522 2581 829 2649 ποιοῦνται,
868 2578 929 2637 τί
961 2578 1289 2655 θαυμαστόν
1326 2580 1374 2638 εἰ
1410 2584 1469 2638 ἐν

301 2678 379 2755 τῷ
420 2675 563 2736 κατὰ
594 2674 784 2753 σάρκα
816 2675 1067 2753 δεσπότῃ
1099 2679 1331 2757 Χριστῷ
1366 2675 1467 2754 ἅμ-

302 2781 394 2851 φω
440 2772 558 2834 κατ’
602 2774 739 2835 αὐτὰ
786 2773 1071 2852 νομίζοιτο
1112 2776 1316 2852 μένειν,
1362 2782 1467 2853 τῆς

304 2872 448 2933 κατὰ
478 2871 583 2949 τήν
615 2872 815 2933 οὐσίαν
850 2870 1133 2935 κοινωνίας
1167 2873 1467 2951 προσιεμέ-

304 2994 417 3045 νης,
460 2967 533 3034 ὥς
572 2968 737 3051 timis,
784 2969 878 3029 καὶ
923 2968 1028 3046 τήν
1071 2973 1176 3046 τῆς
1219 2978 1469 3051 μετοχῆς

300 3068 623 3141 κοινωνίαν;
707 3140 715 3147 ·

1649 781 1664 809 ‘
1685 778 1816 854 Ego
1845 776 2092 852 quidem
2121 796 2303 854 quem
2332 777 2552 838 uidetis
2579 775 2728 837 nihil

1564 873 1814 948 quidem
1861 875 2056 936 facere
2103 893 2349 952 possum
2393 874 2728 935 secundum

1564 990 1764 1031 meam
1820 982 2108 1044 naturam,
2155 992 2294 1032 cum
2348 972 2535 1032 homo
2579 971 2730 1045 sim;

1564 1087 1777 1144 operor
1815 1079 2033 1140 autem,
2078 1068 2222 1146 quia
2262 1071 2324 1127 in
2367 1087 2456 1127 me
2495 1089 2730 1128 manens

1565 1169 1752 1228 Pater
1784 1167 1987 1231 omnia
2019 1168 2178 1230 facit.
2250 1167 2534 1246 quoniam
2567 1167 2727 1228 enim

1563 1284 1656 1340 ego
1697 1266 1760 1324 in
1800 1268 1983 1325 Patre
2017 1273 2074 1325 et
2104 1267 2291 1324 Pater
2326 1267 2390 1325 in
2425 1285 2526 1341 me,
2562 1267 2727 1325 Deus

1564 1371 1768 1421 autem
1809 1362 2078 1421 Verbum
2124 1360 2487 1440 Unigenitus
2527 1360 2590 1420 in
2625 1379 2725 1422 me

1566 1469 1674 1530 est,
1716 1468 1942 1516 certum
1979 1468 2070 1518 est
2098 1459 2266 1535 quod
2293 1467 2354 1518 et
2383 1459 2560 1517 Pater
2586 1477 2727 1517 cum

1564 1553 1698 1633 ipso
1739 1555 1802 1615 in
1844 1576 1943 1617 me
1985 1567 2186 1617 manet
2227 1566 2288 1616 et
2332 1574 2516 1632 opera
2551 1554 2729 1616 facit?

1565 1663 1628 1712 et
1669 1672 1790 1712 non
1837 1663 1927 1713 est
1975 1652 2313 1713 mirandum
2363 1653 2441 1713 de
2486 1652 2728 1714 Christo

1566 1750 1715 1808 haec
1737 1749 2074 1820 existimari,
2097 1769 2236 1809 cum
2263 1749 2572 1810 euidenter
2597 1747 2730 1828 ipse

1567 1848 1647 1906 de
1702 1846 1912 1907 ceteris
1967 1846 2310 1907 hominibus
2365 1846 2564 1908 dicat:
2626 1849 2738 1923 qui

1566 1946 1763 2020 diligit
1786 1965 1887 2018 me,
1919 1947 2152 2004 uerbum
2183 1961 2366 2003 meum
2393 1945 2724 2019 observabit,

1568 2047 1624 2098 et
1642 2048 1826 2117 pater
1867 2061 2023 2100 meus
2049 2043 2246 2118 diliget
2265 2061 2392 2100 eum
2419 2048 2476 2100 et
2497 2043 2582 2100 ad
2601 2062 2725 2101 eum

1569 2137 1857 2194 uem‘emus
1901 2143 1956 2195 et
1998 2139 2347 2196 mansionem
2395 2139 2562 2214 apud
2598 2157 2725 2197 eum

1550 2236 1854 2312 faciemus.
1967 2233 2017 2295 si
2081 2236 2244 2295 enim
2299 2237 2463 2313 apud
2518 2255 2728 2296 unum·

1567 2352 1866 2410 quemque
1915 2332 2254 2393 huiusmodi
2300 2333 2608 2393 hominum
2668 2345 2727 2395 et

1569 2430 1744 2488 Pater
1773 2439 1832 2488 et
1862 2427 2044 2488 Filius
2074 2427 2451 2489 mansionem
2479 2429 2724 2504 faciunt,

1566 2534 1718 2611 quid
1763 2534 2101 2596 mirandum
2151 2547 2241 2597 est
2280 2536 2329 2596 si
2367 2534 2432 2597 in
2475 2536 2726 2598 domino

2759 1677 2832 1715 10

2760 2155 2828 2216 15

1564 2642 1898 2702 secundum
1952 2660 2193 2704 carnem
2249 2643 2490 2705 Christo
2543 2644 2725 2705 ambo
2756 2672 2831 2711 20

1566 2748 1742 2808 simul
1782 2759 2131 2826 putarentur
2165 2768 2426 2824 manere,
2460 2770 2726 2811 commu-

1564 2856 1747 2918 nione
1764 2876 1970 2917 eorum
1988 2858 2318 2917 secundum
2329 2856 2724 2918 substantiam

1560 2962 2052 3024 communionem
2070 2963 2250 3025 etiam
2274 2964 2598 3026 mansionis
2615 2967 2726 3026 for-

1558 3068 1713 3129 sitan
1743 3068 2107 3147 suscipiente
2127 3074 2156 3133 Ρ

529 3306 617 3346 10.
707 3284 862 3369 [Act.
894 3288 1083 3348 Cone.
1117 3288 1237 3347 CP.
1269 3286 1326 3346 ii.
1360 3286 1432 3347 iv,
1474 3306 1539 3345 11
1576 3286 1638 3366 (“
1655 3296 1715 3347 et
1743 3297 1881 3364 post
1908 3285 2026 3346 alia
2043 3286 2122 3365 ’').
2193 3286 2326 3365 Vig.
2368 3285 2484 3369 11}

429 3416 523 3475 Ita
551 3426 611 3476 et
639 3413 902 3474 animam
932 3424 1142 3490 utpote
1171 3414 1495 3474 humanam
1524 3424 1583 3474 et
1610 3412 1989 3473 inmortalem
2021 3412 2406 3475 constitutam
2435 3426 2494 3476 et
2515 3434 2722 3477 sensus
2752 3432 2845 3493 25-

301 3511 648 3591 participem
678 3511 841 3588 prius
868 3510 1169 3587 accipiens
1196 3521 1259 3571 et
1286 3530 1391 3587 per
1418 3510 1906 3571 resurrectionem
1933 3509 1995 3570 in
2025 3509 2546 3573 inmutabilitatem
2583 3532 2723 3573 con-

304 3612 574 3684 stituenS,
622 3610 708 3669 sic
756 3620 817 3669 et
863 3608 1038 3669 nobis
1088 3610 1418 3669 eorundem
1464 3607 1714 3669 istorum
1759 3628 1866 3687 per
1909 3608 2401 3672 resurrectionem
2448 3612 2722 3690 praebuit

302 3708 805 3771 communionem.
894 3707 1033 3768 ideo
1060 3719 1201 3767 ante
1239 3706 1732 3768 resurrectionem
1772 3727 1844 3768 ex
1879 3708 2126 3768 mortuis
2159 3708 2428 3787 increpat
2475 3710 2720 3787 quidem

305 3810 547 3869 Petrum
575 3820 641 3868 ut
668 3806 791 3867 suis
829 3826 967 3867 eum
1008 3806 1262 3867 uocibus
1300 3804 1860 3884 scandalizantem§‚
1893 3818 1952 3867 et
1987 3804 2052 3865 in
2080 3826 2298 3885 magna
2325 3806 2720 3885 trepidatione

303 3925 410 3984 per
437 3916 673 3983 tempus
703 3902 996 3982 passionis
1026 3902 1387 3964 constitutus
1423 3902 1797 3980 adparitione
1829 3902 2024 3981 angeli
2063 3902 2290 3981 indiget
2330 3905 2720 3965 confortantis
2751 3929 2829 3985 30

306 4022 444 4064 eum
490 4003 568 4062 ad
614 4000 963 4079 patientiam
1008 4010 1067 4061 et
1104 4000 1480 4061 tolerantiam
1520 3999 1960 4061 imminentium
1998 4002 2334 4076 malorum3
2373 4015 2513 4079 post
2539 4024 2721 4065 resur·

303 4101 635 4163 rectionem
661 4110 865 4160 autem
894 4118 969 4159 ex
997 4098 1242 4159 mortuis
1271 4109 1331 4158 et
1359 4096 1422 4157 in
1450 4097 1652 4159 caelos
1689 4117 2002 4158 ascensum
2040 4096 2396 4175 inpassibilis
2432 4101 2624 4162 factus
2661 4116 2722 4165 et

410 4281 468 4329 ¹3
502 4268 735 4317 obseruet
759 4266 813 4314 P

304 4349 594 4401 munionem
631 4348 683 4397 V

380 4462 409 4488 ¹*
444 4462 524 4525 [S.
546 4461 683 4527 John
707 4478 753 4511 v.
785 4461 883 4527 ¹9]-

867 4362 924 4407 ‘²⁴
964 4346 1318 4412 suscipientem
1353 4345 1405 4394 V

1023 4280 1082 4331 19
1114 4264 1499 4313 existimandum
1523 4280 1565 4314 e.
1596 4271 1651 4313 ut
1685 4264 1736 4313 V

1004 4460 1038 4515 1·
1072 4462 1127 4511 S.
1149 4461 1285 4525 John
1312 4461 1409 4509 xiv.
1442 4476 1516 4520 ro,
1544 4476 1617 4510 ιι.

1935 4279 2000 4313 ⁰20
2032 4262 2219 4313 Christi
2254 4264 2306 4313 V
2429 4282 2546 4317 -021
2585 4282 2722 4319 com-

1736 4462 1770 4519 ‡
1801 4460 1874 4510 Ib.
1908 4475 1986 4525 23.
2089 4462 2116 4519 ἓ
2148 4460 2228 4522 [S.
2253 4461 2396 4511 Matt.
2425 4461 2525 4511 xvi.
2552 4464 2652 4526 ²3]-
