3250 5025
391 2031 462 2098 15

488 343 611 407 160

1139 356 1595 410 THEODORUS
1644 353 2230 407 MOPSUESTENUS

2704 335 2811 420 [V·
2842 351 2902 416 9-

489 526 588 607 (ut
635 525 968 610 adsolent)
1017 527 1194 590 mala
1253 523 1870 603 adnascebantur3*
1930 545 2012 588 eo
2072 524 2251 605 quod
2314 543 2437 586 nec
2496 531 2570 585 ut
2622 519 2905 585 decebat

484 629 758 714 [uiuere]
815 631 1175 695 studebant
1227 653 1398 715 quae
1452 650 1586 694 non
1639 628 2208 710 contemplatione
2259 627 2524 690 uirtutis
2583 646 2728 688 sese
2788 625 2904 688 ad-

484 735 764 796 scribere
817 735 1052 797 uiduas
1104 734 1480 816 cupiebant,
1529 732 1646 795 sed
1708 732 1851 794 solo
1900 731 2271 794 securitatis
2323 730 2667 805 desideriO,
2714 737 2783 792 et
2830 737 2905 790 ut

485 838 626 900 sine
657 838 879 919 aliquo
909 837 1134 900 labore
1181 836 1286 900 uel
1332 857 1532 919 opere
1579 836 1769 900 facile
1810 836 2220 899 cotidianum
2264 836 2516 898 uictum
2558 833 2902 898 haberent.

421 949 452 1017 5
492 941 655 1004 haec
685 962 842 1024 ergo
867 941 1104 1006 beatus
1127 943 1368 1006 Paulus
1391 941 1775 1005 cautissime
1799 941 2075 1022 cupiens
2097 939 2508 1016 confirmare,
2532 938 2807 1024 †aetate
2837 947 2904 1001 et

486 1044 730 1107 uirtute
775 1046 1008 1108 statuit
1054 1045 1294 1108 debere
1335 1043 1597 1126 probari
1647 1043 1827 1106 illam
1862 1064 2034 1125 quae
2095 1044 2267 1106 inter
2313 1045 2550 1108 uiduas
2604 1065 2674 1106 se
2722 1043 2904 1124 cupit

487 1147 770 1211 adscribi
800 1146 860 1226 ς’
907 1157 1126 1211 aetate
1168 1150 1458 1231 quidem,
1493 1169 1574 1212 eo
1615 1149 1797 1231 quod
1834 1159 1990 1212 ante
2022 1147 2147 1211 hoc
2184 1157 2455 1230 ternpus
2486 1149 2725 1211 aetatis
2755 1168 2906 1229 pos-

488 1259 636 1314 sent
684 1251 886 1314 etiam
935 1272 1055 1333 per
1101 1272 1301 1333 opera
1351 1271 1670 1314 manuum
1723 1271 1989 1314 suarum
2040 1251 2165 1314 sibi
2220 1251 2470 1315 uictum
2520 1253 2903 1334 adquirere;

486 1353 732 1416 uirtute
761 1374 938 1430 uem,
968 1374 1048 1416 eo
1079 1356 1258 1436 quod
1293 1355 1537 1417 iustum
1569 1373 1715 1416 esse
1744 1354 2177 1416 existimabat
2208 1363 2283 1417 ut
2314 1375 2448 1418 non
2480 1355 2905 1419 ecclesiastici

387 1471 465 1518 10
489 1465 795 1540 sumptus
839 1456 1142 1520 absolute
1189 1456 1254 1519 in
1301 1454 1633 1538 quaslibet
1674 1455 1909 1518 uiduas
1949 1458 2503 1537 expenderentur,
2534 1459 2649 1521 sed
2694 1460 2907 1541 magis

491 1564 724 1626 decere
769 1563 1166 1626 existimans
1216 1571 1292 1625 ut
1332 1563 1576 1626 uirtute
1625 1563 1759 1625 sint
1805 1563 2195 1627 inlustratae
2240 1583 2412 1645 quae
2464 1563 2909 1628 ecclesiastica

492 1677 648 1730 sunt
699 1668 988 1731 tuendae
1036 1667 1396 1748 diligentia.
1486 1667 1664 1730 unde
1724 1668 1951 1731 dicens
2012 1668 2098 1731 de
2158 1677 2477 1748 tempore,
2539 1667 2782 1730 adiecit
2841 1669 2908 1730 in

494 1771 1046 1853 subsequentibus
1076 1773 1277 1834 etiam
1311 1773 1396 1835 de
1437 1771 1733 1834 moribus
1762 1793 2009 1846 earum,
2044 1793 2179 1854 quo
2219 1771 2420 1835 uellet
2462 1791 2575 1834 eas
2606 1769 2911 1833 instituto

494 1876 737 1941 haberi.
827 1887 896 1941 et
927 1879 1214 1960 primum
1247 1879 1449 1942 dicit:

624 2045 786 2105 quae
815 2023 1012 2087 unius
1040 2023 1184 2086 uiri
1209 2045 1386 2086 uxor.

622 2149 811 2233 †non
865 2160 1089 2215 autem
1149 2149 1277 2214 hoc
1337 2149 1402 2213 in
1453 2149 1602 2214 loco
1655 2151 1884 2214 dicens
1939 2150 2167 2214 ‘unius
2212 2151 2335 2215 uiri
2381 2152 2699 2215 uxorem’
2750 2151 2910 2216 illud

633 2315 828 2383 ...διὰ
864 2319 1058 2383 τοῦτο
1097 2314 1330 2406 ἡλικίᾳ,
1370 2315 1483 2381 καὶ
1517 2315 1717 2403 ἀρετῇ
1762 2314 2053 2408 ὡρίσατο
2090 2315 2210 2399 τὴν
2254 2317 2344 2388 εἰς
2383 2317 2500 2383 τὸν
2544 2315 2920 2400 κατάλογον

497 2423 628 2486 τῶν
670 2424 902 2510 χηρῶν
946 2427 1286 2488 συντελεῖν
1330 2417 1752 2507 ὀφείλουσαν.

632 2525 908 2603 rer-ouria
952 2527 1100 2591 ἑΝόο
1149 2526 1374 2613 ἇΝΔρόο
1425 2529 1594 2603 ΓγΝι-ί,
1630 2524 1794 2610 [οὐκ]
1844 2525 1993 2593 ἀντὶ
2022 2530 2139 2592 τοῦ
2183 2534 2199 2560 ‘
2215 2526 2306 2610 μὴ
2340 2526 2635 2614 δεύτερον
2676 2526 2920 2611 α’σγασγο-

602 2700 622 2733 1
662 2680 946 2732 dicebatH

520 2766 652 2815 inter
678 2763 722 2812 C
752 2761 899 2824 (corr)
924 2776 956 2809 r
970 2776 986 2809 .·
1021 2767 1104 2810 txt
1123 2760 1190 2809 H

506 2862 558 2895 u
597 2843 764 2893 dicere
797 2842 862 2890 H
1175 2855 1232 2889 12
1266 2839 1419 2889 adicit
1449 2840 1543 2888 Cr

507 2943 565 2990 15
599 2932 674 2975 est
697 2923 794 2989 (ψ
812 2920 954 2985 uxor)
979 2922 1084 2971 add
1097 2922 1166 2971 H

508 3024 568 3077 19
601 3024 676 3073 sq.
703 3005 860 3057 Coisl.
887 3019 1002 3068 0204.
1028 3006 1063 3053 l.
1087 3020 1128 3054 c.

573 3149 619 3200 7.
684 3150 734 3185 eo
761 3134 896 3200 quod
910 3139 1030 3183 ante
1052 3133 1152 3194 hoc,
1183 3133 1300 3195 &c.]
1369 3133 1444 3184 Cf.
1473 3133 1658 3183 Thdt.:

505 3220 565 3269 ὡς
618 3215 714 3267 τῶν
763 3213 1072 3280 ἀκμαζουσῶν
1121 3218 1202 3265 καὶ
1251 3214 1535 3280 ἐργάζεσθαι
1586 3216 1667 3265 καὶ

505 3302 772 3365 τρέφεσθαι
795 3295 1086 3357 δυναμένων.

572 3398 618 3450 9.
686 3397 788 3431 non
887 3380 1114 3436 absolute,
1150 3378 1268 3441 &c.]
1333 3378 1556 3443 Thpht.2
1611 3380 1669 3427 οὗ

409 3514 414 3519 ,
507 3464 605 3526 γὰρ
628 3463 795 3512 ἁπλός
807 3460 958 3511 οὕτως
979 3465 1069 3523 τὴν
1089 3462 1420 3521 ἐξακοντοΰτιν
1439 3460 1667 3523 ἐγκρίνει·

507 3546 642 3593 ἔστιν
661 3544 759 3606 γὰρ
781 3542 862 3591 καὶ
883 3544 1111 3601 τοιαύτην
1134 3538 1330 3599 ἀναξίαν
1350 3541 1487 3589 εἶναι.

579 3624 650 3675 ι6.
720 3640 822 3674 non
843 3630 1023 3685 autem,
1047 3622 1165 3684 &c.]
1233 3622 1330 3673 See
1343 3640 1423 3671 vv.
1447 3622 1502 3671 11.
1554 3622 1669 3672 The

508 3706 738 3771 negative
758 3705 852 3755 has
872 3707 1002 3755 been
1036 3706 1132 3755 lost
1167 3706 1218 3753 in
1254 3704 1340 3754 the
1363 3705 1462 3755 Gk.
1491 3704 1552 3754 of
1579 3704 1667 3753 the

506 3799 700 3851 catena,
726 3790 827 3838 and
849 3789 900 3837 in
925 3789 1010 3838 the
1030 3789 1180 3838 Latin
1205 3788 1532 3839 transformed
1557 3788 1668 3839 into

507 3889 646 3923 nunc
668 3872 750 3933 (cf.
784 3884 821 3920 1.
846 3887 933 3936 pp.
971 3884 1048 3934 35,
1090 3874 1168 3934 38,
1198 3886 1278 3921 vv.
1308 3870 1406 3933 11.).
1480 3871 1661 3934 Comp.

508 3956 686 4007 Thdt.:
723 3958 784 4004 οὐ
805 3956 894 4014 τὴν
914 3955 1144 4015 διγαμίαν
1169 3956 1412 4018 ἐκβάλλει,
1442 3956 1575 4004 ἀλλὰ
1609 3954 1669 4002 τὸ

509 4037 765 4099 σωφρόνως
787 4038 839 4085 ἐν
858 4037 1004 4097 Ὑάμῳ
1030 4038 1166 4099 βιοῦν
1196 4037 1460 4095 νομοθετεῖ’
1493 4036 1549 4085 οὔ
1569 4036 1669 4097 γὰρ

511 4119 539 4168 ὁ
561 4118 663 4167 ἅνω
682 4120 767 4167 τὸν
803 4120 1018 4181 δεύτερον
1049 4119 1207 4181 -γάμον
1230 4119 1554 4177 νομοθετήσας
1576 4134 1669 4167 σω-

509 4199 714 4259 ματικῆς
734 4196 1010 4247 ἀπολαῦσαι
1035 4200 1290 4261 θεραπείας
1313 4196 1554 4247 ἐκώλυσεν
1578 4200 1672 4257 τὴν

512 4281 743 4341 δευτέροις
765 4278 1068 4339 ὁμιλήσασαν
1083 4280 1274 4341 γάμοις.
1320 4279 1406 4329 On
1423 4280 1508 4329 the
1525 4279 1670 4329 other

509 4359 646 4411 hand
692 4348 906 4425 Thpht.:
955 4360 1128 4410 ἔπειτα,
1172 4364 1253 4412 καὶ
1295 4363 1669 4425 μονογαμίαν

515 4442 697 4502 αὐτὴν
743 4440 1000 4503 ἀπαιτεῖ,
1057 4442 1128 4492 ὡς
1183 4444 1426 4503 σημεῖον
1469 4444 1671 4504 σεμνό-

1371 2920 1432 2972 16
1464 2936 1598 2971 nunc
1623 2918 1737 2985 (for
1756 2922 1878 2987 non)
1909 2924 1953 2972 C
1970 2924 2033 2972 H
2052 2939 2084 2972 r

1069 2696 1096 2729 ο
1122 2680 1292 2729 uiuere
1315 2695 1392 2729 om
1415 2678 1526 2728 CH
1541 2676 1550 2742 Ι
1581 2679 2059 2743 contemplationem
2083 2679 2160 2729 C*
2190 2678 2198 2744 Ι
2228 2681 2574 2729 adscribuntur
2594 2680 2671 2730 C*
2706 2681 2923 2731 adscribi

1377 2774 1408 2827 9
1441 2773 1542 2807 non
1581 2774 1661 2807 om
1696 2760 1765 2808 H

1969 2775 2029 2811 ιο
2061 2760 2290 2810 obsolute
2312 2761 2379 2809 H
2400 2758 2408 2823 Ι
2436 2762 2797 2825 expenderetur
2840 2761 2920 2812 C*

1841 2858 1899 2904 13
1934 2856 2109 2891 eorum
2138 2843 2182 2891 C
2204 2840 2214 2897 Ι
2243 2842 2502 2906 quomodo
2523 2858 2555 2889 r
2579 2840 2589 2907 Ι
2618 2841 2871 2891 institutas
2894 2858 2927 2889 r

2283 2935 2339 2984 17
2375 2938 2451 2988 sq.
2478 2923 2636 2974 Coisl.
2679 2938 2791 2987 204,
2817 2925 2856 2974 l.
2878 2941 2922 2973 c.

1764 3153 1935 3196 τητος
1985 3137 2065 3186 καὶ
2120 3138 2573 3200 φιλοσωφροσύνης.
2662 3138 2733 3188 So
2794 3137 2919 3199 also,

1766 3234 1953 3284 among
1996 3221 2082 3270 the
2122 3220 2316 3285 Latius»,
2357 3220 2446 3270 but
2478 3220 2717 3285 allowing
2748 3236 2925 3285 excep-

1765 3301 1897 3350 tions
1920 3309 1973 3350 to
1996 3301 2083 3351 the
2105 3303 2227 3361 rule,
2258 3300 2312 3351 S.
2348 3301 2599 3351 Ambrose
2624 3302 2699 3362 (de
2729 3301 2833 3351 uid.
2869 3314 2922 3351 2:

1768 3384 1800 3408 “
1818 3397 1979 3445 neque
2001 3398 2143 3447 uero·
2156 3382 2199 3431 si
2232 3398 2333 3447 qua
2364 3382 2418 3431 in
2452 3382 2695 3431 secundas
2728 3380 2928 3445 nuptias

1767 3458 2014 3522 inciderit,
2055 3476 2180 3525 quas
2234 3460 2407 3525 utique
2460 3460 2736 3525 apostolica
2784 3474 2926 3523 prae-

1768 3549 1915 3607 cepta
1942 3558 2046 3592 non
2069 3542 2443 3593 damnant...ab
2465 3542 2643 3591 affectu
2672 3540 2929 3590 uiduitatis

1768 3630 1973 3673 arcetur.
2062 3622 2270 3673 habebit
2314 3623 2404 3672 illa
2436 3622 2641 3688 quidem
2675 3623 2756 3672 uel
2791 3638 2928 3672 serae

1768 3706 2003 3755 meritum
2060 3706 2318 3763 castitatiS‚
2374 3704 2464 3754 sed
2531 3704 2787 3770 probatior
2836 3704 2929 3755 erit

1768 3803 1899 3852 quae
1952 3786 2156 3836 alterius
2210 3803 2313 3836 non
2362 3786 2510 3836 fuerit
2557 3794 2761 3852 experta
2809 3802 2927 3837 con-

1768 3868 1963 3932 iugium
1986 3866 2055 3932 ’')‚
2117 3868 2351 3917 followed
2391 3870 2459 3932 by
2498 3868 2549 3917 S.
2593 3868 2796 3932 Jerome
2842 3865 2928 3931 (ep.

1775 3964 1831 3998 12
1839 3949 1887 4012 3)
1922 3949 2023 3997 and
2058 3948 2114 3999 S.
2141 3949 2421 4013 Augustine
2458 3948 2537 4012 (de
2564 3948 2684 3998 bono
2715 3949 2821 3998 uid.
2850 3962 2928 4011 15,

1769 4029 1882 4095 sq.).
1955 4031 2235 4081 Tertullian
2257 4032 2361 4081 will
2384 4039 2473 4081 not
2496 4032 2644 4082 suffer
2670 4048 2772 4096 any
2791 4048 2928 4081 com·

1767 4113 1985 4178 promise
2007 4113 2129 4163 with
2154 4114 2332 4179 regard
2362 4122 2415 4163 to
2438 4113 2598 4163 either
2627 4113 2837 4163 widows
2872 4130 2931 4163 or

1768 4196 2051 4259 presbyters
2067 4195 2158 4256 (ad
2165 4209 2308 4244 uxor.
2325 4195 2356 4245 i.
2391 4206 2440 4257 7:
2458 4196 2745 4260 “quantum
2768 4196 2931 4245 detra-

1770 4278 1893 4327 hant
1918 4277 2053 4335 fidei,
2087 4286 2329 4342 quantum
2353 4278 2646 4342 obstrepent
2678 4278 2933 4328 sanctitati

1770 4360 1978 4425 nuptiae
2018 4360 2268 4409 secundae
2307 4359 2575 4425 disciplina
2610 4359 2849 4409 ecclesiae
2881 4368 2934 4410 et

1768 4448 2090 4505 praeceptum
2124 4439 2338 4505 apostoli
2372 4440 2609 4500 declarat,
2646 4456 2761 4491 cum
2798 4441 2934 4504 diga·
