3250 5025
327 401 717 485 11.22‚23]

1046 413 1130 466 IN
1180 415 1283 469 ΕΡ.
1330 416 1435 465 AD
1480 414 1946 475 TIMOTHEUM
1991 417 2068 466 11.

2615 412 2735 469 211

324 584 505 649 enim
559 606 631 650 se
677 608 719 651 a
764 586 1201 653 deterioribus
1245 591 1698 675 segregauerit
1743 600 1847 655 est
1891 612 2010 655 uas
2057 589 2220 655 utile
2244 610 2260 668 ;
2291 648 2308 660 .
2335 588 2464 654 hoc
2512 595 2738 653 autem

324 690 393 753 in
443 699 672 755 nostro
712 701 815 757 est
865 692 1163 775 positum
1213 695 1486 759 arbitrio
1531 704 1600 760 et
1646 694 2019 779 potestate.'

222 840 227 845 -
326 816 468 858 esse
499 798 826 880 propositi
852 818 867 876 3
918 798 1158 862 iterum
1203 800 1405 863 uertit
1454 820 1526 863 se
1578 800 1665 863 ad
1729 801 1870 867 eius
1919 798 2484 873 exhortationem,
2537 794 2744 879 paulo

2109 705 2177 759 et
2230 694 2523 759 ostendit
2575 691 2744 757 illud

327 902 545 966 minus
591 900 765 964 hanc
812 900 1067 965 habens
1138 902 1577 967 intentionem
1629 924 1752 987 per
1810 922 2081 967 omnem
2143 901 2317 965 hanc
2371 899 2743 985 epistolam.

328 1006 507 1069 unde
538 1015 607 1071 et
640 1005 888 1070 adiecit
912 1030 927 1071 :

464 1174 782 1239 iuuenilia
811 1174 1137 1239 desideria
1150 1176 1337 1261 fuge.

2741 1108 2746 1111 Ι
2823 1015 2856 1084 5

459 1316 765 1375 ‘omnem
842 1310 1359 1377 delectationem
1434 1320 1502 1377 et
1563 1332 1811 1375 uanam
1887 1310 2306 1395 uoluptatem
2382 1330 2553 1395 quae
2628 1309 2750 1374 tibi

333 1436 466 1479 non
507 1416 824 1479 conuenit
861 1415 1062 1499 longe
1101 1437 1142 1480 a
1182 1425 1250 1480 te
1288 1416 1510 1495 facit0,
1552 1415 1795 1499 quibus
1843 1415 1952 1481 uel
2009 1418 2308 1481 maxime
2359 1414 2554 1480 rebus
2602 1414 2752 1497 capi

333 1518 679 1581 consueuit
712 1516 1059 1581 iuuentus?

461 1698 698 1751 sectare
743 1709 891 1751 uero
944 1687 1287 1765 iustitiam,
1322 1688 1553 1772 fidem,
1591 1688 1948 1768 caritatem,
1981 1701 2226 1773 pacem,
2269 1708 2414 1753 cum
2459 1686 2756 1765 omnibus
2790 1700 2868 1747 10

332 1791 452 1874 qui
490 1790 797 1857 inuocant
823 1792 1187 1857 Dominum
1229 1814 1308 1857 ex
1336 1794 1575 1863 mundo
1604 1795 1800 1858 corde.

464 1925 915 2010 ‘diligentiam
947 1927 1193 1991 adhibe
1238 1928 1529 1992 iustitiae
1560 1938 1630 1992 et
1669 1950 1819 1993 eam
1853 1950 2025 2013 quae
2055 1928 2122 1992 in
2157 1928 2378 1993 Deum
2419 1937 2523 1994 est
2554 1927 2756 1993 fidem

337 2038 407 2095 et
452 2030 798 2094 caritatem
844 2040 911 2094 et
959 2049 1215 2112 pacem,
1262 2051 1415 2094 cum
1466 2029 1595 2094 illis
1650 2032 1762 2114 qui
1813 2033 1993 2096 uitae
2041 2033 2400 2096 uirtutibus
2442 2030 2758 2096 student.’

338 2132 592 2216 optime
622 2134 850 2197 dicens
881 2133 967 2196 de
998 2132 1101 2196 his
1144 2132 1384 2196 suadet
1424 2142 1499 2197 ut
1541 2134 1608 2198 in
1641 2134 1884 2216 quibus
1925 2144 1994 2199 et
2023 2134 2292 2199 deceret
2333 2144 2401 2199 et
2443 2132 2759 2219 possibile

340 2247 518 2301 esset
547 2258 781 2320 pacem
814 2257 1081 2301 seruare
1108 2237 1491 2301 adnitatur:

2797 2247 2866 2313 15

471 2408 711 2472 stultas
753 2406 1019 2491 (inquit)
1070 2418 1133 2473 et
1175 2408 1460 2472 indoctas
1499 2408 1893 2495 quaestiones
1935 2409 2172 2487 demta,
2215 2406 2419 2473 sciens
2455 2407 2763 2491 quoniam

333 2523 653 2596 generant
680 2513 842 2578 lites.

477 2653 720 2716 stultas
752 2664 818 2718 et
860 2653 1147 2719 indoctas
1188 2654 1457 2719 uocauit
1498 2654 1893 2737 quaestiones
1935 2676 2109 2738 quae
2153 2675 2289 2720 non
2335 2655 2423 2719 ob
2470 2654 2761 2737 aliquam

347 2754 516 2820 fiunt
535 2755 909 2820 utilitatem.
952 2765 973 2796 ··
995 2756 1257 2820 declina
1282 2757 1546 2840 (inquit)
1577 2760 1663 2821 ab
1696 2757 1824 2822 illis
1855 2760 1968 2841 qui
2001 2758 2306 2822 absolute
2336 2757 2493 2820 solis
2525 2777 2766 2839 quaes-

346 2863 640 2927 tionibus
671 2882 948 2946 operam
979 2883 1169 2927 suam
1214 2861 1599 2945 expendere
1645 2863 1938 2947 cupiunt.
2031 2863 2220 2927 rixae
2265 2871 2495 2927 autem
2537 2884 2627 2925 ex
2659 2859 2765 2925 his
2797 2876 2880 2922 20

451 3061 471 3094 r
509 3050 564 3094 ut
584 3043 672 3095 ille
698 3043 810 3109 (sor
828 3043 970 3109 utile)
995 3044 1064 3094 H

344 3124 494 3192 hanc)
523 3124 687 3176 C'H
822 3139 849 3189 5
884 3126 1039 3176 adicit
1066 3126 1110 3176 C
1130 3124 1291 3191 inquit
1315 3143 1349 3176 r

354 3209 397 3258 C
404 3207 431 3233 ⁴*
570 3223 631 3257 10
659 3207 738 3256 his
760 3206 877 3269 (fhr
896 3206 1147 3266 omnibus)
1170 3223 1205 3256 r

350 3531 462 3597 ὁρᾶς
498 3535 572 3583 ὅτι
609 3530 661 3582 οὐ
708 3534 899 3594 φύσεως
942 3529 1053 3582 οὐδὲ
1092 3530 1257 3594 ὑλικῆς
1300 3532 1515 3595 ἀνάγκης

348 3615 483 3664 ἐστὶν
501 3615 559 3663 τὸ
590 3615 709 3663 εἶναι
736 3610 949 3676 χρυσοῦν
981 3610 1014 3673 ἦ
1047 3610 1340 3676 ὀστράκινον,
1381 3612 1513 3664 ἀλλὰ

350 3699 437 3758 τῆς
477 3695 702 3760 ὑμετέρας
740 3697 1091 3759 τροαιρέσεωςς
1172 3696 1356 3745 Thdt.:
1405 3693 1513 3745 ἀλλ’

350 3779 514 3828 ἐκεῖνα
538 3781 627 3838 μὲν
657 3780 691 3840 ἡ
722 3782 867 3841 φύσις
902 3781 1169 3840 ἀνέκρινεν,
1207 3776 1365 3828 ταῦτα
1396 3779 1451 3828 δὲ
1486 3779 1517 3838 ἡ

350 3863 525 3921 γνώμη
548 3863 814 3922 πεποίηκεν
838 3859 973 3921 τίμιό.
991 3877 1047 3908 τε
1070 3862 1150 3909 καὶ
1172 3857 1338 3920 ἄτιμα.

414 3959 463 4002 4.
534 3943 665 3991 hanc
695 3943 876 3992 habens
908 3942 1245 4002 intentionem,
1270 3941 1385 4004 δια]
1434 3941 1515 3991 Cf.

352 4023 439 4073 the
456 4025 698 4088 prologue
714 4031 767 4074 to
784 4023 884 4074 this
902 4023 1098 4089 Epistle
1116 4021 1303 4088 (supra,
1332 4039 1384 4088 p.
1410 4037 1495 4089 192
1506 4059 1518 4082 ,

352 4107 389 4156 1.
418 4121 445 4171 7
466 4105 585 4173 sq.).

416 4188 466 4240 6.
532 4190 784 4239 iuuem'lia
816 4188 935 4250 des]
994 4187 1101 4238 Our
1128 4186 1397 4237 translator
1430 4186 1520 4236 has

356 4271 567 4320 omitted
596 4278 761 4320 autem
792 4271 903 4332 (δέ),
927 4269 1092 4320 which
1126 4269 1257 4319 finds
1290 4269 1433 4334 place
1465 4269 1519 4317 in

352 4352 420 4402 au
444 4353 531 4402 the
556 4354 707 4403 Latin
730 4354 971 4404 versions.

428 4449 505 4485 ro.
561 4451 675 4485 cum
706 4435 955 4499 omuibus]
1030 4434 1174 4485 With
1208 4435 1385 4499 Chrys.
1420 4434 1519 4484 and

356 4519 528 4580 Thdt.,
556 4519 655 4570 Th.
680 4537 841 4571 seems
863 4528 915 4571 to
938 4521 1067 4571 have
1089 4521 1207 4571 read
1240 4517 1363 4580 μετὰ
1392 4517 1518 4570 τάν-

1270 3059 1296 3094 2
1334 3051 1634 3110 potestatem
1662 3048 1706 3097 C
1720 3045 1749 3072 ⁴*

1487 3127 1518 3180 6
1552 3135 1720 3178 autem
1745 3127 1844 3193 (ast
1861 3127 2120 3190 iuuenilia)
2143 3127 2248 3176 add
2263 3145 2294 3177 r

1340 3224 1395 3258 12
1421 3215 1495 3258 est
1516 3225 1594 3258 om
1623 3209 1671 3260 C

376 3289 385 3352 Ι
412 3297 461 3338 et
486 3287 577 3353 (ιο)
600 3305 678 3337 om
702 3305 735 3336 r
758 3286 767 3352 Ι
795 3289 1013 3338 decertet
1040 3286 1153 3352 (sor
1172 3286 1390 3352 deceret)
1422 3289 1466 3338 C
1488 3287 1630 3353 (corr)
1658 3289 1666 3354 Ι
1696 3297 1748 3340 et
1774 3287 1863 3355 (2⁰)
1886 3306 1966 3339 om
1987 3291 2056 3340 H

346 3370 612 3435 disciplina
637 3367 749 3433 (for
767 3369 1016 3431 indoctas)
1040 3386 1073 3418 r
1099 3368 1107 3433 Ι
1135 3370 1254 3434 quia
1279 3368 1394 3434 (for
1412 3369 1672 3435 quoniam)
1699 3389 1732 3420 r

1964 3061 1993 3110 3
2027 3055 2155 3096 esset
2179 3047 2248 3095 H
2446 3065 2479 3108 4
2511 3045 2634 3094 haec
2661 3042 2772 3108 (sor

2435 3129 2466 3177 8
2500 3127 2564 3176 ad
2586 3124 2700 3191 (for
2719 3123 2768 3188 a)

1787 3209 1862 3271 '14
1883 3211 1946 3259 de
1969 3210 2048 3259 his
2070 3209 2243 3258 dicens
2270 3209 2359 3259 Cr
2386 3206 2394 3271 Ι
2421 3207 2586 3258 suadit
2614 3205 2782 3256 C*H

2181 3302 2237 3352 15
2273 3296 2348 3339 est
2371 3289 2439 3339 H
2572 3287 2631 3340 16
2665 3288 2773 3338 sine

1859 3386 1926 3421 ἰο
1957 3371 2202 3436 spendere
2221 3369 2326 3436 (sic)
2356 3371 2400 3420 C
2413 3369 2439 3394 *
2457 3370 2722 3435 splendere
2743 3385 2777 3418 r

1615 3555 1730 3586 των
1790 3540 1887 3586 τῶν
1943 3537 2351 3596 ἐπικαλουμένων,
2413 3537 2560 3584 κ.τ.λ.
2660 3534 2776 3584 The

1617 3617 1768 3666 Latin
1811 3617 2034 3667 versions
2076 3617 2206 3666 have
2248 3621 2410 3665 “cum
2449 3615 2546 3665 hiis
2583 3631 2622 3662 s.
2664 3611 2775 3664 iis.”

1618 3699 1708 3747 Ex
1751 3699 1938 3747 mundo
1979 3699 2150 3754 corde;
2196 3697 2346 3747 Latin
2389 3696 2630 3754 versions,
2667 3697 2776 3746 “de

1616 3781 1768 3830 corde
1791 3778 1970 3846 pur0.”

1693 3880 1768 3926 14.
1823 3864 1880 3912 in
1912 3861 2376 3928 quibus-...possibile
2411 3861 2543 3922 esset]
2599 3861 2778 3910 Thdt.:

1621 3940 1820 4004 ἀγαπᾷν
1860 3944 1947 4001 μὲν
1989 3941 2084 4004 γὰρ
2125 3938 2346 3990 ἅπαντας
2389 3937 2778 4000 δυνατόν...εἱρη-

1620 4027 1772 4075 νεύειν
1797 4025 1849 4072 δὲ
1871 4022 1924 4072 οὐ
1946 4025 2063 4086 πρὸς
2092 4022 2307 4072 ἅπαντας
2331 4023 2534 4072 ἔνεστιν·
2569 4024 2656 4082 τῆς
2681 4019 2782 4084 γὰρ

1620 4108 1774 4166 κοινῆς
1796 4105 1939 4154 τοῦτο
1961 4105 2278 4168 προαιρέσεως
2301 4105 2468 4152 δεῖται.

1692 4185 1767 4237 16.
1825 4185 2062 4246 indoctas]
2109 4185 2174 4234 O.
2191 4185 2252 4233 L.
2277 4182 2470 4249 (Cypn,
2492 4183 2780 4246 Ambrstr.)‚

1621 4273 1655 4297 ‘⁶
1672 4269 1944 4319 ineruditas
1963 4269 2017 4328 ;'’
2041 4268 2214 4332 vulg„
2245 4267 2396 4318 “sine
2419 4265 2737 4332 disciplina.”

1694 4351 1770 4400 18.
1825 4365 1954 4414 quac
1975 4365 2076 4398 non
2097 4349 2168 4405 ob,
2193 4346 2313 4412 &c.]
2368 4347 2548 4398 Thdt.:
2582 4346 2636 4397 οὐ
2661 4345 2786 4397 κατά

1622 4451 1734 4482 τινα
1771 4434 1940 4496 χρείαν
1985 4428 2233 4495 γινόμεναι
2277 4433 2522 4494 διαλέξεις.
2597 4431 2677 4482 Cf.
2724 4443 2784 4480 Π.

1624 4533 1675 4581 p.
1705 4515 1813 4578 176,
1837 4516 1870 4566 l.
1899 4531 1931 4582 9
1953 4531 2029 4582 sq.

2401 4629 2606 4692 14—-2
