3250 5025
428 398 555 461 230
1098 392 1553 445 THEODORUS
1602 392 2188 445 MoPsUEsTENus
2432 378 2575 463 [IV.
2617 382 2709 456 16,
2745 395 2842 463 ¹7-

428 572 531 625 ter
572 562 754 645 quod
792 562 1017 647 posuit
1064 565 1267 629 etiam
1310 564 1490 628 illam
1524 585 1814 647 poenam
1859 587 2033 649 quae
2079 584 2232 630 eum
2276 566 2594 630 manebat
2623 588 2664 631 a
2695 566 2848 631 Deo

427 686 550 749 pro
610 668 850 750 quibus
909 668 1071 733 talia
1131 670 1433 733 faciebat.
1526 690 1660 733 non
1721 668 2165 734 maledicebat
2213 671 2293 745 ei,
2343 670 2513 733 sicut
2570 670 2845 753 quidam

426 772 997 853 existimauerunt,
1028 773 1147 838 sed
1194 782 1269 838 ut
1312 772 1690 839 hortaretur
1717 774 2150 840 Timotheum
2198 773 2414 838 multa
2455 773 2544 837 ab
2587 792 2674 837 eo
2705 794 2847 837 sus-

426 873 753 939 tinentem
788 876 967 940 mala
998 878 1331 959 patienter
1357 878 1698 941 sustinere.
1789 875 1914 941 hac
1947 898 2107 961 ergo
2136 877 2222 940 de
2250 896 2452 941 causa
2483 878 2847 941 necessarie

364 986 397 1054 5
430 985 837 1042 memoratus
899 988 1001 1043 est
1062 982 1295 1058 uirum,
1344 980 1758 1064 praecipiens
1816 981 2248 1045 Timotheum
2309 989 2384 1044 ut
2436 1000 2559 1064 pro
2607 980 2844 1044 uirium

424 1100 693 1144 suarum
726 1082 1171 1165 possibilitate
1202 1082 1535 1147 declinare
1575 1084 1716 1147 eius
1745 1082 2002 1147 insidiis
2040 1083 2450 1166 deproperet.
2525 1102 2658 1147 non
2689 1102 2844 1147 con-

426 1186 611 1249 uenit
642 1206 801 1250 uero
842 1188 1063 1252 mirari
1104 1190 1159 1252 si
1192 1189 1279 1253 ab
1324 1190 1579 1253 aerario
1621 1197 1812 1252 tanta
1855 1198 2016 1252 tunc
2058 1188 2311 1252 fiebant
2343 1186 2850 1269 indisciplinate,

426 1288 585 1370 quia
611 1298 679 1352 et
713 1288 1018 1374 uulgares
1056 1291 1359 1356 homines
1406 1292 1839 1376 insurgebant
1879 1293 2196 1357 aduersus
2227 1311 2342 1355 eos
2378 1292 2492 1373 qui
2527 1291 2844 1373 pietatem

410 1392 904 1485 ‘praedicabant
926 1414 944 1472 3
1017 1396 1257 1485 uulgus
1318 1407 1544 1462 autem
1600 1398 1709 1462 uel
1771 1397 2070 1462 maxime
2129 1416 2364 1461 omnes
2421 1414 2848 1461 commouere

328 1508 406 1557 ιο
428 1494 785 1561 uidebatur
812 1498 1189 1563 seditiones

560 1646 631 1710 in
661 1646 959 1730 primam
1000 1668 1211 1711 meam
1246 1648 1674 1731 defensionem
1726 1668 1907 1713 nemo
1955 1646 2127 1713 mihi
2166 1646 2448 1726 adstetit,
2480 1648 2601 1713 sed
2634 1668 2852 1713 omnes

430 1754 531 1814 me
558 1751 953 1834 reliquemnt
967 1776 998 1829 ,·
1051 1774 1176 1816 non
1209 1754 1344 1817 illis
1376 1753 1740 1837 imputetur.

562 1881 631 1944 in
660 1882 891 1965 prima
935 1882 1296 1966 definszbne
1323 1883 1486 1948 dicit
1517 1885 1792 1967 quando
1822 1883 2125 1967 inprimis
2157 1882 2421 1947 Romae
2451 1891 2555 1947 est
2585 1880 2848 1946 uinctus

427 2005 517 2048 ex
568 1984 839 2067 Iudaea,
870 1990 1143 2071 quando
1180 1998 1247 2053 et
1294 1988 1746 2073 adpellatione
1788 1989 2000 2054 fuerat
2045 1990 2312 2054 abusus,
2401 1986 2576 2051 bene
2618 1993 2844 2050 autem

328 2100 398 2165 15
428 2101 735 2171 precatus
778 2101 880 2156 est
918 2094 987 2157 in
1034 2095 1170 2159 illis
1208 2117 1335 2159 non
1378 2095 1733 2178 imputetur
1771 2100 2120 2177 peccatum
2167 2091 2310 2169 hoc,
2354 2112 2436 2155 eo
2477 2090 2657 2173 quod
2701 2108 2848 2172 per-

428 2197 653 2277 spexit
698 2196 865 2260 alios
910 2198 1000 2261 ob
1045 2198 1519 2273 infirmitatem,
1564 2196 1734 2261 alios
1777 2196 1868 2261 ob
1898 2196 2359 2260 imminentem
2399 2193 2528 2257 sibi
2563 2192 2846 2257 necessi-

426 2308 639 2364 tatem
672 2299 891 2363 locum
924 2301 1206 2366 dedisse.

556 2426 886 2491 Dominus
934 2436 1151 2491 autem
1209 2426 1477 2490 adstetit
1532 2424 1704 2489 milti
1757 2432 1821 2489 et
1867 2422 2264 2506 confortam't
2306 2442 2419 2497 me,
2467 2428 2546 2483 ut
2577 2430 2703 2502 per
2747 2438 2847 2481 me

412 2532 817 2613 praedicatio
864 2532 1245 2615 implentur,
1277 2542 1341 2596 et
1371 2531 1659 2596 audiant
1694 2551 1910 2595 omnes
1938 2537 2173 2612 gentes.
2263 2536 2326 2590 et
2359 2525 2670 2590 liberatus
2695 2543 2844 2588 sum

318 2652 406 2700 20
426 2658 506 2701 ex
529 2657 635 2701 ore
662 2635 875 2700 leonis.

556 2763 686 2826 hoc
720 2769 734 2795 ‘
758 2762 1056 2826 leonem'
1088 2762 1155 2825 in
1202 2759 1352 2824 loco
1398 2760 1736 2822 Neronem
1783 2777 2007 2840 regem
2049 2773 2170 2837 per
2214 2753 2594 2836 aenigmata
2625 2753 2841 2818 edicit.

520 2915 540 2948 1
575 2898 927 2949 commanebat
944 2897 1005 2946 II
1077 2895 1123 2946 ei
1146 2897 1379 2946 manebat
1402 2911 1435 2945 r
1679 2907 1707 2956 5
1743 2892 2014 2944 Timotheo
2036 2908 2069 2941 r
2295 2888 2327 2938 6
2361 2888 2567 2938 insidias
2593 2888 2638 2937 C
2653 2885 2850 2950 (corr-ir

428 2997 461 3046 9
492 2989 659 3031 autem
681 2996 759 3030 om
782 2981 849 3029 H
1020 2995 1039 3028 ι
1056 2993 1073 3026 ι
1113 2979 1164 3027 in
1188 2977 1350 3042 prima
1372 2993 1485 3028 mea
1504 2976 1796 3027 defensione
1823 2976 1866 3026 C
1887 2973 2036 3036 (corr)
2059 2989 2092 3022 r
2261 2987 2317 3022 η
2351 2969 2719 3033 dereliquerunt
2741 2969 2806 3017 H
2818 2985 2849 3016 r

432 3077 491 3125 13
524 3062 702 3110 ductus
726 3061 943 3110 Romam
976 3059 1093 3123 (sor
1114 3057 1325 3122 Romae)
1350 3075 1383 3108 r
1518 3074 1575 3121 ¹4
1606 3056 1996 3122 appellationem
2021 3056 2202 3106 fecerat
2227 3053 2342 3118 (sor
2361 3054 2480 3118 adp.
2504 3051 2661 3102 suerat
2683 3054 2792 3114 ab.)
2816 3070 2849 3103 r

434 3157 491 3207 15
526 3151 579 3192 ut
604 3140 723 3207 (for
740 3141 815 3202 in)
839 3159 871 3190 r
898 3139 906 3204 Ι
933 3149 1134 3205 putetur
1162 3139 1277 3204 (sor
1296 3137 1438 3205 imp.)
1460 3140 1553 3189 H·
1764 3151 1820 3200 17
1856 3138 1970 3190 1000
1993 3139 2198 3190 cessisse
2219 3154 2252 3187 r
2444 3151 2502 3188 αι
2531 3137 2729 3188 leonem
2747 3137 2846 3186 hoc

428 3242 461 3273 r
484 3223 494 3288 Ι
522 3224 755 3288 aenigma
775 3233 925 3274 uocat
947 3239 980 3272 r

428 3355 537 3403 οὐδὲ
558 3352 892 3416 κατηγορῆσαι
914 3353 1073 3413 αὑτοῦ,
1103 3349 1233 3401 ἀλλὰ.
1249 3349 1334 3402 τὸν
1359 3352 1583 3414 μαθητὴν
1685 3369 1734 3419 p.
1768 3366 1880 3416 205,
1908 3351 1941 3402 l.
1973 3368 2028 3403 12
2054 3367 2150 3417 sq..
2175 3359 2337 3402 notes.

426 3435 625 3502 ἀλεῖψαι
646 3437 763 3502 πρὸς
783 3439 893 3488 τοὺς
916 3435 1120 3498 ἀγῶνας.
1757 3449 1775 3482 ι
1787 3448 1832 3497 5.
1877 3449 1927 3483 eo
1947 3433 2080 3498 quod
2087 3433 2354 3496 perspexit,
2373 3429 2490 3493 dcc-J
2533 3429 2616 3480 Cf.
2641 3429 2846 3496 Chrysa

494 3535 543 3570 α.
608 3537 711 3570 non
746 3517 1076 3579 maledicebat]
1112 3519 1207 3568 See
1238 3517 1324 3566 the
1357 3517 1584 3582 patristic

428 3603 662 3669 opinions
686 3603 931 3653 collected
953 3603 1022 3665 by
1046 3601 1217 3652 Tisch.
1241 3602 1314 3649 ad
1327 3601 1379 3650 Ιι.
1404 3601 1440 3650 l.

492 3685 540 3736 6.
634 3701 737 3734 non
779 3684 1014 3732 conuenit
1061 3699 1177 3731 uero
1222 3681 1423 3742 mirari,
1472 3681 1589 3743 δια]

427 3765 619 3816 ‘1'hdt.=
654 3761 930 3821 θαυμαστὸν
966 3763 1019 3811 δὲ
1052 3759 1187 3811 οὐδὲν
1210 3759 1265 3810 τὸ
1290 3763 1441 3822 ἄνδρα
1463 3763 1587 3822 χαλ·
1645 3759 1652 3768 ’

426 3848 517 3897 κέα
552 3845 775 3909 θορύβους
811 3843 941 3906 αὐτῷ
978 3845 1057 3892 καὶ
1097 3841 1334 3893 κινδύνους
1372 3841 1582 3902 κινῆσαι·

428 3931 526 3976 τῶν
568 3928 663 3991 γὰρ
708 3924 1130 3988 ἀποχειροβιώτων
1173 3927 1289 3974 ἴδιον
1332 3925 1583 3986 διεγείρειν

428 4009 537 4058 τοὺς
571 4007 999 4070 &mous—adding
1036 4021 1103 4054 an
1142 4007 1366 4055 instance
1402 4005 1461 4054 os
1487 4005 1585 4054 this

426 4089 555 4138 srom
580 4089 706 4138 Acts
728 4087 828 4136 xix.
858 4103 934 4150 24.

499 4186 518 4220 ι
532 4186 571 4220 1.
633 4169 845 4228 adstetit,
889 4167 1224 4231 reliquerunt]
1290 4168 1355 4218 Ο.
1380 4167 1438 4218 L
1482 4167 1583 4216 and

427 4251 578 4314 Vulg.
590 4285 603 4306 ,
632 4251 669 4274 ‘⁸
684 4247 897 4306 adsuit,”
923 4251 959 4273 ‘⁸
974 4246 1397 4313 dereliquerunt-'³

498 4348 572 4396 ¹3·
628 4332 745 4380 dicit
782 4333 983 4396 quando
1019 4333 1274 4398 inprimis,
1304 4332 1421 4394 δια]
1488 4333 1584 4382 Sec

428 4413 513 4462 the
540 4412 806 4476 prolog-nes
842 4419 893 4460 to
928 4411 1071 4462 Th.’s
1104 4429 1283 4462 comm.
1324 4429 1391 4462 on
1428 4413 1579 4478 Eph..

432 4494 577 4551 Phil„
607 4493 705 4541 and
730 4493 817 4542 the
840 4502 1038 4557 present
1066 4494 1260 4559 Epistle
1281 4511 1296 4555 ;
1330 4495 1429 4544 and
1451 4495 1517 4544 cs.
1544 4507 1581 4544 1.

1687 3516 1798 3578 ὁρᾶς
1819 3516 1922 3565 πῶς
1944 3516 2164 3577 φείδεται
2195 3516 2290 3563 τῶν
2324 3515 2538 3574 οἰκείωνς
2574 3512 2756 3563 Thdt.:
2790 3513 2847 3561 οὖ

1688 3595 1786 3660 γὰρ
1809 3598 2087 3658 κακοηθείας
2117 3594 2191 3655 ἦν.
2217 3593 2349 3648 ἀλλὰ
2380 3597 2554 3644 δειλίας
2586 3595 2619 3654 ἡ
2651 3592 2844 3656 ὖποχώ·

1687 3696 1840 3742 ρησις.
1909 3679 2159 3728 Ambrstr.
2184 3679 2340 3727 adds:
2381 3677 2550 3742 “quia
2581 3685 2631 3727 et
2667 3677 2842 3726 Domi·

1690 3777 1812 3810 num
1855 3777 1886 3810 a
1937 3761 2138 3810 Iudaeis
2191 3759 2558 3826 adprehensum
2614 3759 2844 3824 discipuli

1687 3841 2045 3910 reliquerunt.”

1758 3941 1833 3992 19.
1895 3923 2206 3988 impleretur]
2269 3923 2442 3986 Vulg.‚
2477 3919 2846 3986 “impleaturff’

1755 4022 1834 4058 υ.
1889 4005 2404 4066 leonem...Neronem]
2469 4003 2550 4054 Cf.
2579 4015 2617 4052 ι.
2647 4020 2699 4069 p.
2725 4003 2838 4063 206,

1687 4089 1723 4138 l.
1756 4110 1804 4153 4,
1845 4097 1982 4138 note.
2051 4089 2230 4151 Chrys.
2265 4087 2336 4136 ad
2361 4087 2490 4137 lat..-
2533 4085 2714 4134 λέοντα
2745 4086 2846 4146 ’γὰρ

1687 4168 1773 4219 τόν
1831 4167 2028 4232 Νέρωνά
2076 4177 2225 4228 φησιν
2270 4165 2353 4215 διὰ
2391 4163 2450 4214 ‘rei
2497 4167 2720 4228 θηριῶδες
2765 4165 2847 4212 καί

1686 4245 1888 4310 ἰσχυρόν
1931 4246 2016 4308 τῆς
2059 4246 2311 4309 βασιλείας
2354 4243 2498 4294 αὐτοῦ
2543 4245 2624 4292 καί
2673 4241 2844 4290 ἀκατά-

1687 4332 1923 4390 πληκτον.
1991 4329 2173 4379 Thdt.=
2209 4327 2271 4375 N.
2309 4327 2485 4374 λέοντα
2517 4318 2841 4386 προσηγόρευ·

1687 4430 1788 4472 σεν,
1818 4415 1896 4461 καὶ
1920 4411 1981 4462 ὡς
2008 4411 2235 4476 βασιλέα,
2271 4409 2350 4457 καί
2384 4407 2444 4458 ὡς
2478 4403 2728 4466 ὠμότατον
2759 4421 2844 4464 γε·

1685 4491 1969 4556 γενῆμενον.
2071 4491 2320 4541 Ambrstr.
2373 4487 2702 4538 understands
2757 4486 2842 4536 the
