3250 5025
339 365 391 431 1.
428 382 485 447 3,
513 364 601 449 4.]
1056 378 1139 430 m
1189 380 1294 431 ΕΡ.
1339 380 1441 431 AD
1488 380 1955 433 T1MoTHEuM
2002 381 2047 431 1.
2674 383 2751 451 71

335 552 634 636 postulat
678 550 880 619 ratio!
967 552 1304 637 †euidens
1337 564 1438 619 est
1467 554 1647 620 enim
1678 556 1859 639 quod
1892 555 2088 629 dixit,
2120 564 2198 619 ut
2238 552 2573 619 denunties
2614 556 2758 639 qui-

335 656 658 732 busdam,·
725 657 812 720 de
861 655 996 719 suis
1047 657 1226 721 enim
1277 657 1346 721 id
1399 659 1562 722 dicit
1622 668 1691 722 et
1744 680 1878 722 non
1928 659 2015 723 de
2061 657 2313 724 alienis,
2404 678 2526 723 nec
2575 661 2755 723 enim

335 757 585 822 exteris
636 759 1032 823 denuntiare
1085 770 1228 824 erat
1275 760 1635 839 Timothei,
1682 769 1845 825 tunc
1896 760 2006 825 uel
2068 764 2368 826 maxime
2417 764 2754 845 magistris

334 864 602 947 pietatis
656 883 790 926 non
841 861 1057 926 solum
1120 864 1458 946 increpare
1517 864 1865 928 contrariis
1936 865 2212 929 minime
2264 867 2751 949 usurpantibuS,

333 966 451 1030 sed
485 988 522 1029 e
553 967 883 1029 contrario
915 966 1201 1047 plurima
1231 966 1319 1030 ab
1351 966 1480 1029 illis
1526 967 1707 1030 mala
1738 968 2236 1032 sustinentibus,
2330 969 2491 1033 dicit
2524 980 2750 1036 autem
2826 983 2857 1052 5

333 1090 468 1133 non
501 1070 744 1134 debere
773 1070 969 1134 aliter
993 1070 1218 1147 docere,
1251 1071 1339 1134 de
1381 1071 1508 1135 illis
1551 1073 1779 1135 dicens
1810 1073 1923 1155 qui
1962 1093 2050 1135 ex
2082 1074 2579 1139 circumcisione
2614 1096 2753 1139 cre-
2882 1060 2893 1069 ⁰

332 1176 660 1253 diderant,
722 1176 837 1256 qui
897 1183 965 1238 et
1027 1176 1240 1238 multa
1299 1176 1488 1257 quasi
1549 1196 1670 1258 pro
1731 1176 1879 1257 lege
1928 1174 2279 1258 loquentes
2333 1197 2449 1239 eos
2497 1179 2609 1260 qui
2660 1200 2751 1245 ex

331 1282 642 1363 gentibus
691 1290 879 1343 erant
923 1279 1162 1343 docere
1215 1280 1693 1343 adnitebantur
1744 1290 1977 1344 contra
2024 1281 2361 1345 christiani
2415 1281 2750 1365 dogmatis

329 1381 593 1447 ritum!
684 1404 840 1447 nam
883 1392 951 1446 et
1000 1381 1066 1445 in
1116 1381 1428 1446 omnibus
1473 1381 1773 1465 epistolis
1819 1383 2233 1465 propemodo
2282 1383 2555 1448 beatum
2601 1388 2749 1470 quis

331 1489 626 1552 inueniet
682 1485 961 1550 Paulum
1007 1486 1093 1549 de
1139 1484 1270 1547 illis
1315 1484 1602 1567 plurima
1646 1486 2063 1561 scribentem,
2108 1506 2189 1549 eo
2232 1488 2413 1570 quod
2455 1496 2523 1551 et
2553 1489 2748 1554 multi
2782 1510 2863 1560 10

329 1604 492 1657 tunc
544 1602 749 1668 erant,
812 1592 924 1675 qui
978 1590 1359 1655 huiusmodi
1420 1591 1889 1673 proponebant
1948 1590 2364 1670 doctrinam3
2440 1593 2620 1675 quod
2680 1605 2751 1661 et

333 1701 568 1765 melius
626 1718 1026 1781 cognoscere
1083 1698 1230 1781 quis
1290 1697 1550 1778 poterit,
1611 1698 1667 1759 si
1741 1697 2356 1779 interpretationem
2432 1707 2747 1777 nostram,

328 1826 532 1889 quam
593 1801 1084 1888 propemodum
1144 1823 1263 1885 per
1322 1822 1556 1865 omnes
1605 1801 1927 1883 epistolas
1986 1800 2365 1882 explicasse
2424 1800 2747 1879 uidemur,

328 1910 675 1973 decurrere
706 1909 1004 1985 uoluerit,
1039 1909 1107 1972 in
1153 1909 1397 1991 quibus
1438 1908 1854 1971 ostendimus
1902 1905 2175 1969 beatum
2215 1902 2497 1967 Paulum
2537 1904 2751 1969 multa

329 2013 415 2078 de
446 2012 550 2077 his
583 2014 785 2078 fuisse
818 2013 1136 2076 locutum.
2783 2019 2854 2087 15

459 2116 675 2201 †nam
708 2119 888 2201 quod
921 2118 1099 2181 dixit
1125 2140 1138 2180 ε
1167 2113 1649 2179 nonintendere
1662 2110 1927 2193 fabulis
1954 2118 2017 2173 et
2025 2109 2424 2193 genealogiis
2454 2109 2750 2193 infinitis,

327 2223 395 2286 in
419 2243 774 2287 commune
793 2222 1064 2304 quidem
1090 2221 1176 2284 de
1197 2219 1508 2283 omnibus
1533 2217 1727 2291 dixit,
1748 2215 2045 2278 maxime
2064 2214 2166 2277 his
2191 2214 2415 2297 quiex
2439 2213 2751 2295 gentibus
2822 2214 2829 2219 “

458 2434 664 2515 δῆλον
708 2429 779 2496 δὲ
822 2428 927 2496 ὅτι
971 2427 1046 2494 τὸ
1091 2430 1196 2494 ἵκοι
1240 2424 1643 2514 παραΓι-εἶλῌε
1688 2422 1833 2489 τιοὶΝ
1882 2420 2036 2510 περὶ
2080 2424 2211 2487 τῶν
2252 2420 2509 2489 οἰκείων
2549 2420 2750 2506 λέγει·

328 2535 402 2602 οὗ
439 2535 570 2624 γὰρ
609 2535 688 2618 δὴ
728 2541 864 2605 τοῖς
903 2532 1284 2621 ἀλλοτρίοις
1321 2528 1821 2617 παραγγέλλειν
1858 2526 2159 2611 ἠδύνατο,
2198 2523 2578 2593 τούναντίον
2622 2525 2751 2614 γὰρ

330 2638 444 2706 καὶ
491 2637 724 2705 πολλὰ
767 2635 944 2704 κακὰ
995 2634 1314 2719 ὑπέμενον
1359 2632 1516 2720 παρ’
1571 2632 1850 2699 ἐκείνων.
1960 2629 2143 2715 λέγει
2190 2627 2257 2697 δὲ
2300 2629 2457 2718 περὶ
2501 2633 2633 2698 τῶν
2678 2633 2751 2698 ἐκ
2778 2650 2863 2698 20

329 2743 703 2828 περιτομῆς,
765 2736 833 2804 οἳ
884 2736 1098 2803 πολὺν
1161 2735 1324 2822 ὑπὲρ
1386 2740 1505 2802 τοῦ
1565 2733 1768 2818 νόμου
1828 2733 2022 2815 δῆθεν
2094 2731 2474 2817 ποιούμενοι
2529 2733 2752 2820 λόγον,

330 2842 478 2913 τούς
538 2841 675 2908 ἀπὸ
734 2841 938 2908 ἐθνῶν
985 2839 1370 2930 ἐπεχείρουν
1422 2836 1763 2904 διδάσκειν
1815 2835 2079 2904 ἐναντία
2125 2841 2243 2903 τοῦ
2285 2843 2753 2927 χριστιανικοῦ

333 2945 672 3031 δόγματος.

456 3050 637 3134 λέγει
667 3049 904 3118 τοίνυν·
966 3051 1206 3116 ’πᾶσιν
1233 3047 1352 3130 μὲν
1383 3045 1787 3134 παράγγελε,
1818 3043 2320 3128 προηγουμένως
2352 3043 2421 3110 δὲ
2450 3049 2586 3114 τοῖς
2618 3043 2751 3110 ἀπὸ

329 3155 550 3233 ἐθνῶν,
587 3152 678 3238 μὴ
725 3153 1088 3244 προσέχειν
1131 3157 1268 3223 τοῖς
1310 3150 1542 3236 μύθοις
1586 3155 1723 3221 τοῖς
1767 3148 1879 3216 ὑπ’
1912 3147 2173 3216 ἐκείνων
2213 3147 2592 3232 λεγομένοις
2636 3149 2749 3215 καὶ
2776 3177 2812 3223 2
2823 3175 2853 3242 5

429 3345 456 3396 5
492 3333 626 3380 male
667 3331 788 3380 CH
799 3347 865 3380 r:
900 3336 980 3378 txt
993 3345 1036 3394 g
1055 3328 1194 3394 (conj.
1220 3329 1411 3395 Jacobt')
1594 3339 1651 3390 17
1686 3343 1818 3376 max.
1849 3325 1929 3375 his
1951 3325 2014 3375 de
2036 3324 2135 3374 illis
2162 3323 2303 3374 C‘H'
2336 3339 2464 3374 max.
2494 3331 2663 3374 autem
2685 3324 2750 3374 de

327 3413 428 3463 iuis
453 3413 496 3463 C
521 3412 671 3472 (corr)
727 3427 860 3461 max.
885 3412 949 3460 de
971 3411 1071 3460 iuis
1104 3425 1154 3460 r:
1191 3427 1261 3461 see
1285 3417 1407 3480 ‚note
1566 3412 1622 3460 18
1660 3408 1813 3459 Coisl.
1845 3424 1957 3470 204,
1984 3407 2018 3458 l.
2045 3422 2088 3455 c.
2223 3421 2286 3469 24
2320 3405 2476 3455 Coisl.
2509 3421 2621 3468 204,
2644 3406 2679 3454 l.
2701 3422 2744 3456 c.

328 3567 468 3617 ‘The
502 3566 607 3631 Ap.
630 3566 734 3615 had
765 3573 856 3615 not
889 3564 1087 3615 studied
1132 3579 1383 3629 grammar
1427 3579 1486 3612 or
1657 3558 1731 3610 16.
1804 3575 1928 3609 nam
1966 3559 2102 3623 quod
2129 3559 2277 3616 dixu,
2315 3558 2429 3621 &c.]
2494 3559 2606 3610 The
2640 3559 2742 3611 Gk.

325 3649 556 3708 rhetoric,
585 3663 680 3698 nor
708 3647 798 3696 did
825 3647 889 3696 he
921 3661 1004 3696 see
1031 3645 1086 3696 fit
1115 3655 1168 3696 to
1197 3645 1329 3696 avail
1354 3645 1482 3694 him·
1585 3657 1747 3693 seems
1777 3649 1829 3692 to
1858 3643 1988 3692 have
2022 3643 2173 3691 been:
2210 3643 2270 3691 τὸ
2300 3643 2400 3704 γὰρ
2437 3648 2449 3669 ‘
2470 3644 2538 3702 μὴ
2578 3641 2745 3705 προσέ-

327 3729 428 3779 sels
452 3729 510 3779 of
535 3729 680 3778 those
713 3736 815 3777 arts
849 3726 903 3776 in
941 3728 1028 3776 the
1060 3726 1397 3791 composition
1432 3725 1492 3774 of
1585 3723 1933 3786 χειν’...πᾶσιν
1957 3725 2045 3782 μὲν
2078 3721 2216 3782 λέγει
2246 3725 2375 3772 κατὰ
2404 3724 2573 3780 κοινόν,
2598 3739 2747 3787 4προη-

327 3811 406 3861 his
437 3808 677 3876 epistles.'
748 3810 932 3874 Comp.
958 3821 994 3858 1.
1024 3823 1076 3874 p.
1101 3807 1236 3858 lxvii.
1584 3806 1825 3867 γουμένως
1862 3805 1914 3854 δὲ
1952 3806 2052 3854 τοῖς
2097 3801 2195 3854 ἀπὸ
2239 3801 2403 3866 ἐθνῶν,
2438 3806 2485 3853 οἳ
2516 3807 2616 3855 τοῖς
2660 3804 2743 3854 ὑπ’

391 3911 438 3956 4.
512 3889 891 3956 usurpantibus]
926 3889 1006 3939 Cf.
1036 3900 1096 3937 11.
1130 3903 1184 3953 p.
1217 3888 1297 3950 38,
1332 3886 1368 3936 1.
1403 3899 1478 3949 15,
1587 3887 1776 3935 ἐκείνων
1839 3889 2116 3946 λεγομένοις
2182 3889 2521 3949 προσέχοντες,
2592 3889 2741 3937 κ.τ.λ.

327 3981 466 4024 note.
1587 3969 1667 4018 Dr
1683 3968 1861 4033 Jacobi
1892 3983 2007 4032 says
2044 3967 2131 4032 (on
2147 3967 2181 4017 l.
2206 3967 2312 4032 16)=
2374 3969 2547 4018 “satis
2578 3969 2743 4020 elucet

392 4069 438 4120 9.
507 4069 628 4104 nam
657 4060 704 4104 et
731 4052 791 4102 in
818 4068 952 4102 omn.
981 4050 1202 4116 epis-tolie,
1232 4048 1349 4111 ἂι]
1399 4047 1476 4098 Cf.
1583 4051 1797 4100 latinum
1818 4051 2047 4102 codicem
2068 4051 2146 4100 his
2169 4050 2293 4100 locis
2324 4065 2428 4100 non
2462 4051 2741 4102 uersionem

325 4139 410 4188 the
431 4144 720 4201 arguments
741 4143 796 4184 to
814 4134 950 4194 Gal.⁹
975 4133 1122 4192 Phil„
1148 4133 1262 4184 Col.
1302 4131 1480 4195 Chrys-
1583 4133 1673 4182 sed
1695 4132 2018 4197 paraphrasin
2052 4132 2217 4197 graeci
2252 4139 2415 4182 textus
2440 4134 2743 4198 praestare.”

325 4221 398 4270 ad
424 4221 476 4269 Ιι.
494 4220 557 4270 l.=
595 4217 804 4267 ἐνταῦθά
832 4233 956 4265 τινες
993 4213 1120 4275 ἦσαν
1158 4216 1212 4275 ἐξ
1235 4211 1482 4262 Ἰουδαίων
1587 4215 1679 4280 My
1723 4231 1838 4265 own
1876 4215 2171 4280 impression
2214 4215 2257 4264 is
2300 4216 2409 4265 that
2462 4216 2503 4265 it
2556 4217 2599 4266 is
2654 4217 2742 4267 the

329 4302 734 4366 ψευδαπόστολοι,
769 4299 1057 4361 βουλόμενοι
1090 4299 1240 4346 πάλιν
1275 4297 1360 4345 ἐπὶ
1395 4297 1481 4345 τὸν
1584 4299 1795 4348 catenist
1810 4298 1925 4348 who
1940 4299 2028 4348 has
2046 4298 2287 4363 departed
2302 4297 2429 4347 from
2446 4297 2527 4347 his
2538 4299 2734 4360 author,

327 4385 467 4444 νόμον
501 4385 660 4432 ἕλκειν
691 4382 800 4432 τοὺς
839 4381 1055 4430 πιστούς·
1113 4379 1140 4428 ὃ
1173 4375 1484 4441 πανταχοῦ
1583 4379 1655 4442 by
1682 4377 2029 4443 abbreviating
2061 4378 2146 4428 the
2182 4385 2314 4434 text3
2350 4392 2434 4427 see
2468 4388 2505 4426 Ι.
2530 4393 2580 4442 p.
2608 4394 2739 4427 xxxv

328 4465 435 4513 τῶν
467 4465 803 4514 ἐπιστολῶν
841 4463 1124 4510 αἰτιᾶται.
1587 4475 1663 4525 sq.
1732 4457 2031 4522 Παράγγελε
2054 4459 2106 4518 (l.
2140 4459 2248 4522 24);
2283 4473 2340 4508 so
2363 4457 2449 4507 the
2470 4465 2663 4507 catena.
