3250 5025
301 402 422 470 V1.
454 415 515 486 7,
549 401 637 488 8.]
1037 413 1120 466 IN
1169 415 1276 468 ΕΡ.
1321 415 1425 466 An
1471 416 1935 472 TIMOTHEUM
1982 419 2031 472 1.

2611 417 2733 490 179

430 590 618 656 nihil·
646 589 918 677 (inquit)
968 591 1316 658 intulimus
1361 592 1432 658 in
1480 593 1817 673 mundum,
1850 614 2077 660 uerum
2120 589 2280 678 quia
2320 611 2432 658 nec
2470 593 2732 678 auferre

287 705 656 777 possumus.
879 709 884 712 '
2027 713 2035 719 ’

432 823 688 889 multus
746 845 826 888 ac
884 832 1124 910 potens
1182 847 1416 892 sensus
1475 826 1546 892 in
1603 829 2010 912 compendio
2068 828 2427 894 uerborum
2487 824 2727 891 horum

299 929 626 993 contineri
673 927 952 995 uidetur.
1041 930 1137 994 illi
1183 933 1363 996 enim
1400 933 1513 1016 qui
1555 953 1720 1016 erga
1759 933 2077 1016 pecunias
2123 933 2423 998 studium
2473 930 2728 996 habent

298 1051 423 1113 pro
454 1030 582 1094 illis
613 1031 887 1114 quidem
920 1054 1093 1116 quae
1122 1035 1373 1101 adsunt
1401 1037 1528 1099 sibi
1561 1035 1887 1113 laborant,
1927 1045 2002 1100 ut
2032 1055 2427 1120 permanere
2456 1035 2721 1118 possint

300 1142 372 1199 et
423 1133 742 1199 custodiri
764 1154 788 1230 ς,
850 1135 969 1200 illa
1027 1158 1188 1201 uero
1247 1158 1422 1220 quae
1481 1138 1769 1203 necdum
1801 1175 1805 1180 ·
1838 1139 2091 1206 habent
2151 1127 2727 1223 quemadmodum

301 1237 651 1321 adquirere
693 1239 971 1321 possint.
1065 1248 1421 1324 utrumque
1461 1241 1769 1322 exclusit,
1802 1243 1899 1308 ita
1937 1255 2014 1308 ut
2044 1264 2166 1328 pro
2212 1243 2341 1308 illis
2386 1264 2560 1327 quae
2600 1243 2726 1306 sibi

301 1340 549 1406 adsunt
591 1343 864 1407 minime
901 1343 1201 1408 laborem
1238 1346 1653 1429 expendant.
1744 1367 1903 1411 nam
1945 1349 2126 1432 quod
2164 1349 2343 1413 dixit
2374 1346 2591 1410 ‘nihil
2627 1347 2725 1410 in-

301 1447 591 1526 tulimus,
622 1449 740 1512 sed
773 1448 934 1511 nudi
968 1450 1032 1511 in
1064 1447 1242 1512 hunc
1289 1449 1617 1514 mundum
1662 1451 1727 1514 in
1760 1449 1887 1514 hac
1920 1451 2059 1516 uita
2101 1449 2447 1528 uenimuS,’
2480 1450 2566 1513 de
2596 1448 2725 1510 illis

2806 1043 2837 1110 3

299 1573 474 1636 quae
519 1551 711 1615 nobis
758 1551 1002 1615 adsunt
1047 1549 1344 1615 laborem
1391 1553 1776 1635 expendere
1819 1552 2179 1637 [exclusit],
2209 1553 2399 1637 quasi
2441 1543 2530 1616 de
2575 1571 2723 1634 pro·
2758 1559 2840 1608 10

300 1656 458 1740 priis
491 1655 736 1719 nostris
765 1675 937 1738 quae
969 1657 1244 1738 quidem
1277 1677 1399 1720 nos
1439 1657 1714 1740 quando
1746 1658 1813 1721 in
1845 1658 2020 1722 hanc
2052 1659 2265 1722 uitam
2313 1656 2727 1741 ingredimur

304 1759 699 1823 inuenimuS.
789 1779 947 1822 nam
1001 1768 1070 1824 et
1121 1781 1244 1844 pro
1304 1761 1433 1825 illis
1484 1761 1787 1827 laborem
1848 1761 2233 1844 expendere
2291 1781 2540 1825 uanum
2604 1760 2723 1823 ad-

301 1861 580 1926 modum
632 1883 780 1926 esse
824 1863 1144 1938 ostendit,
1188 1863 1452 1928 dicens:
1496 1865 1655 1948 quia
1701 1885 1815 1928 nec
1860 1865 2123 1948 auferre
2167 1864 2335 1947 quid
2359 1875 2722 1948 possumus.

296 1988 472 2051 quae
519 1967 697 2030 enim
748 1973 852 2030 est
907 1964 1158 2029 utilitas
1210 1965 1506 2031 laborem
1561 1967 1948 2050 expendere
2000 1966 2115 2032 ubi
2154 1967 2279 2030 etsi
2326 1965 2553 2031 omnia
2601 1965 2719 2028 ad-

295 2071 554 2153 quirere
601 2089 972 2152 possumuS‚
1032 2067 1140 2132 hic
1199 2068 1314 2132 illa
1373 2068 1824 2152 relinquemus
1884 2091 2059 2154 quae
2111 2068 2720 2153 congregauimus?
2757 2073 2829 2140 15

297 2172 461 2256 quid
507 2193 668 2256 ergo
717 2173 856 2238 fieri
898 2173 1118 2251 debet,
1151 2172 1469 2258 quoniam
1506 2183 1575 2239 et
1628 2173 1795 2240 illud
1848 2176 2294 2241 necessarium
2338 2185 2439 2239 est
2486 2182 2555 2239 et
2590 2173 2719 2238 hoc

297 2274 708 2360 superfluum
731 2275 756 2340 ?

423 2425 722 2493 habentes
748 2437 964 2494 autem
993 2429 1306 2494 alimenta
1333 2440 1398 2495 et
1422 2430 1655 2515 quibus
1696 2398 2009 2517 legantur,
2040 2428 2148 2496 his
2174 2429 2451 2496 contenti
2472 2451 2714 2494 sumus.

425 2547 670 2613 sufficit
725 2548 845 2614 illa
901 2548 1154 2616 habere
1213 2572 1388 2636 quae
1446 2552 1536 2617 ad
1596 2572 1793 2619 usum
1854 2553 2049 2618 nobis
2107 2562 2266 2618 sunt
2326 2554 2714 2618 necessaria.
2784 2554 2790 2559 ’

1583 2742 1613 2781 2
1645 2728 1895 2795 possimus
1922 2728 2000 2779 C*
2250 2745 2282 2789 4
2314 2728 2572 2780 continere
2599 2728 2645 2778 C
2661 2728 2731 2786 H

1762 2825 1825 2862 xo
1856 2808 2203 2876 expend...C*
2226 2810 2290 2871 (ἲ)
2312 2810 2593 2875 expendere
2623 2807 2721 2872 (om

400 2742 420 2778 ι
459 2728 580 2779 nihil
606 2729 742 2779 enim
763 2727 854 2779 &c.
881 2726 960 2791 [as
979 2726 1037 2777 in
1071 2724 1236 2791 ναίει]
1257 2742 1292 2776 r

295 2808 330 2860 6
361 2810 612 2861 custodire
638 2808 714 2859 C‘
740 2810 809 2859 H
1027 2823 1060 2874 9
1091 2808 1146 2857 in
1167 2808 1298 2858 hanc
1319 2807 1478 2859 uitam
1499 2824 1533 2859 r

289 2893 516 2955 exclusit)
547 2894 590 2943 C
611 2892 760 2955 (corr)
783 2892 852 2943 H
862 2906 896 2941 r

295 2975 450 3027 simus
476 2976 520 3026 C
541 2976 686 3040 (corr)

367 3136 411 3171 1.
464 3119 522 3171 in
533 3119 812 3181 mundum,
837 3132 1019 3167 uerum
1040 3116 1162 3183 quia
1183 3116 1289 3179 nec]
1323 3118 1460 3169 Both

295 3200 436 3250 these
469 3198 761 3262 renderings
795 3212 880 3247 are
918 3198 1076 3248 found
1111 3199 1166 3247 in
1204 3199 1457 3248 Ambrstr.

295 3280 360 3331 Ο.
386 3280 448 3331 L.
493 3279 597 3329 and
635 3278 810 3341 vulg„
856 3278 960 3327 “iu
999 3278 1134 3327 hunc
1168 3276 1458 3327 mundum”

297 3359 384 3425 (εἰς
422 3362 522 3410 τὸν
565 3356 763 3419 κόσμον,
809 3359 1032 3420 Riinsch,
1073 3360 1228 3419 Itala,
1271 3375 1324 3424 p.
1361 3376 1460 3423 4²0

293 3442 418 3507 sq.);
453 3441 579 3491 Cod.
608 3440 822 3499 Amiat„
856 3440 956 3490 “in
977 3434 1220 3489 mundo.”
1277 3441 1457 3491 Verum

292 3526 416 3589 quia
459 3540 547 3575 nec
587 3539 750 3574 seems
798 3531 851 3572 to
899 3522 1027 3572 have
1075 3521 1355 3587 originated
1404 3523 1458 3573 in

295 3608 381 3657 the
411 3606 757 3657 combination
791 3603 849 3653 os
878 3608 909 3631 ‘⁴
925 3618 1100 3653 uemm
1132 3619 1227 3653 nec
1242 3602 1272 3625 ”
1308 3602 1455 3663 (οὐδέ)

293 3688 488 3753 [Cypr.,
517 3686 580 3737 cf.
609 3688 742 3751 Aug.
750 3721 766 3747 ,
794 3686 930 3735 “sed
957 3701 1051 3735 nec
1067 3684 1118 3747 '’]
1139 3684 1261 3734 with
1293 3688 1324 3713 ‘⁴
1341 3686 1460 3749 quia

293 3767 431 3819 nec”
473 3766 570 3829 (ὅτι
609 3766 733 3830 οὐδέ)
773 3766 991 3832 [vulg-J.
1057 3766 1169 3816 The
1205 3765 1368 3817 scribe
1407 3766 1466 3816 os

295 3852 424 3903 Cod.
454 3852 674 3901 Clarom.
698 3851 918 3901 mistook
940 3866 1116 3900 uerum
1139 3850 1217 3899 for
1241 3864 1308 3899 an
1329 3849 1450 3914 adj„

293 3934 397 3983 and
421 3934 741 3998 represented
771 3933 809 3983 it
839 3933 910 3997 by
933 3930 1111 3993 ἀληθές
1139 3932 1194 3983 in
1225 3934 1304 3985 his
1328 3936 1454 3991 Gk.;

291 4033 376 4067 see
397 4016 570 4067 Tisch.
593 4017 666 4065 ad
689 4017 739 4067 k.
761 4017 798 4084 ζ.
867 4016 932 4066 In
966 4016 1052 4066 the
1079 4032 1262 4067 comm.
1290 4016 1456 4066 below

294 4101 350 4161 (1.
380 4102 460 4163 13)
485 4115 660 4149 uerum
684 4098 992 4163 disappears.
1059 4097 1144 4148 On
1176 4099 1261 4148 the
1291 4097 1456 4148 whole

291 4196 368 4231 we
391 4196 508 4245 may
537 4180 780 4229 conclude
812 4178 922 4228 that
954 4174 1098 4226 Th.’s
1127 4184 1232 4227 text
1264 4178 1364 4227 had
1389 4193 1455 4226 no

289 4263 536 4328 adjective
558 4262 728 4313 before
749 4260 840 4322 ὅτι,
867 4262 1112 4326 although
1136 4261 1188 4310 in
1210 4261 1319 4310 that
1343 4276 1456 4311 case

289 4348 327 4397 it
362 4346 570 4397 differed
603 4346 732 4395 from
764 4346 864 4413 the·
891 4352 998 4395 text
1042 4343 1102 4393 os
1134 4343 1310 4407 Chrys.
1353 4342 1454 4391 and

286 4429 375 4479 the
412 4430 556 4479 other
596 4428 700 4478 Gk.
737 4433 1142 4485 commentatos,
1188 4424 1302 4475 who
1339 4424 1454 4489 give

290 4510 436 4573 δῆλον
455 4511 544 4574 ὅτι,
575 4514 719 4561 κ.τ.λ.

1062 2906 1083 2941 x
1098 2904 1116 2939 ι
1155 2889 1462 2954 ingredimur
1483 2892 1767 2944 inuenimus
1788 2893 1857 2944 H
1868 2910 1902 2945 r

2060 2904 2125 2955 15
2160 2891 2279 2943 hinc
2307 2890 2385 2942 C*
2409 2892 2477 2942 H
2660 2892 2720 2941 18

1629 3134 1673 3187 7.
1750 3130 2016 3188 utrumque
2051 3121 2275 3183 exclusit]
2343 3120 2424 3169 ⁶1t
2456 3120 2497 3169 is
2530 3119 2633 3169 idle
2666 3126 2721 3169 to

1559 3198 1753 3249 bestow
1789 3200 1966 3249 labour
2004 3214 2071 3248 on
2109 3198 2303 3261 earthly
2336 3196 2511 3256 richeS,
2550 3195 2721 3259 seeing

1560 3280 1670 3329 that
1693 3283 1767 3342 (1)
1790 3281 1909 3345 they
1930 3296 2015 3330 are
2038 3287 2127 3329 not
2150 3295 2240 3329 our
2273 3296 2389 3329 own
2421 3280 2489 3343 by
2522 3266 2719 3329 natural

1559 3359 1895 3427 right-ofiaev
1924 3362 2443 3423 εἰσηνέγκαμεν-Μὰ
2474 3361 2543 3425 (2)
2572 3362 2719 3414 when

1558 3443 1795 3513 acquired
1816 3444 1885 3507 by
1907 3458 1981 3500 us,
2001 3442 2119 3505 they
2134 3449 2319 3491 cannot
2342 3442 2405 3491 be
2428 3440 2719 3491 retained-

1558 3524 1669 3575 οὐδὲ
1688 3527 1954 3587 ἐξενεγκεῖν
1974 3541 2023 3573 τι
2046 3522 2323 3583 δυνάμεθα)

1624 3619 1671 3669 9.
1741 3606 1892 3667 nuda]
1924 3605 2207 3654 Ambrstr.=
2247 3603 2414 3653 “talis
2441 3601 2561 3651 hinc
2584 3600 2715 3651 exiet

1557 3686 1719 3751 qualis
1741 3683 2280 3749 uenit”—comparing
2297 3682 2399 3747 Job
2423 3682 2453 3733 i.
2487 3695 2567 3730 αι.

1626 3770 1703 3819 18.
1762 3767 2021 3829 alimenta]
2042 3799 2067 3835 .·
2088 3768 2159 3817 So
2208 3764 2389 3830 Vulg.;
2440 3763 2711 3826 Ambrstr.,

1563 3852 1905 3901 “alimentum
1925 3848 1981 3913 ;”
2034 3850 2103 3900 Ο.
2121 3850 2179 3899 L.
2236 3844 2523 3898 “uictum.’'
2602 3846 2715 3895 The

1559 3935 1720 4001 plural
1754 3934 1797 3983 is
1831 3933 1983 3983 found
2018 3933 2069 3981 in
2104 3932 2282 3995 Chrys.
2317 3931 2417 3980 and
2451 3930 2538 3980 the
2570 3928 2713 3979 other

1558 4018 1661 4068 Gk.
1699 4016 1995 4081 expositors.
2084 4013 2275 4075 Quibus
2312 4018 2549 4077 tegamur,
2590 4012 2713 4060 Am-

1557 4100 1721 4159 brstr.,
1757 4098 1934 4162 vulg-3
1971 4096 2037 4145 Ο.
2058 4095 2137 4156 L.,
2182 4090 2520 4153 “uestitum,”
2556 4096 2711 4141 “ues-

1557 4177 1874 4239 timentum,”
1913 4172 2352 4241 “tegumentum-’³
2438 4176 2575 4225 Com.
2630 4190 2711 4223 su-

1556 4278 1687 4319 mus,
1702 4260 1887 4323 Vulg.;
1919 4260 2093 4323 Cypr.,
2117 4257 2383 4315 Ambrstr.,
2404 4256 2537 4321 Aug.
2558 4257 2610 4316 (l.
2627 4259 2708 4317 c.),

1561 4344 1597 4369 ‘⁸
1612 4358 1656 4393 c.
1680 4342 1835 4392 simus
1851 4339 1881 4363 ”
1904 4334 2369 4402 (αἶρκεσθησῶμεθα).
2696 4377 2701 4381 .

1625 4435 1702 4485 ¹9·
1758 4419 1939 4483 srgfficit
1981 4417 2075 4466 illa
2118 4414 2305 4475 habere,
2354 4412 2467 4475 &c.]
2569 4418 2583 4441 ⁸
2600 4413 2711 4462 The

1555 4500 1769 4566 Apostle
1792 4498 1980 4549 defines
2002 4496 2134 4547 what
2158 4496 2223 4546 he
2244 4510 2417 4545 means
2438 4496 2507 4557 by
2524 4508 2553 4543 a
2576 4508 2709 4541 com·

2332 4609 2353 4655 1
2372 4606 2535 4652 2—-2
