3250 5025
322 394 371 459 Ι.
406 394 493 481 7.]

1198 410 1279 462 IN
1330 410 1435 464 ΕΡ.
1479 412 1584 463 AD
1631 412 1895 467 TITUM.

2607 414 2736 485 239

316 594 573 667 penset,
620 582 764 649 sine
814 583 1087 649 crimine
1143 606 1289 650 esse
1347 605 1500 651 eum
1560 587 1876 653 conuenit
1928 587 2023 652 ita
2075 594 2150 651 ut
2198 594 2396 675 aptus
2443 588 2532 653 sit
2577 608 2738 671 erga

312 687 617 752 diuinum
668 686 1105 771 mysterium.'
1192 690 1329 753 duo
1379 688 1508 753 hoc
1560 690 1628 753 in
1679 689 1826 754 loco
1877 689 2173 756 ostendit
2224 712 2396 775 quae
2449 712 2490 755 a
2542 692 2736 755 nobis

316 792 451 855 iam
506 792 689 856 dicta
740 800 899 855 sunt
952 792 1019 855 in
1068 792 1286 874 prima
1326 792 1613 874 epistola
1651 792 2010 871 Timothei,
2049 794 2369 876 quoniam
2419 792 2568 857 illos
2621 794 2734 877 qui

316 914 495 958 nune
552 895 980 959 nominantur
1036 894 1409 977 presbyteri
1486 915 1621 959 non
1697 896 2122 979 presbyteros
2195 897 2413 963 solum
2487 899 2607 963 sed
2666 908 2736 965 et

314 998 663 1079 episcopos
720 1006 884 1062 tunc
955 1001 1287 1065 dicebant.
1378 1020 1534 1063 nam
1596 999 1759 1063 dum
1819 1001 2025 1066 dicit:
2099 1012 2178 1067 ut
2219 1002 2573 1067 constituas
2607 1014 2734 1086 per
2811 1012 2843 1080 5

313 1098 643 1165 ciuitatem
658 1102 1068 1185 presbyteros,
1100 1114 1169 1169 et
1212 1106 1299 1168 de
1330 1104 1735 1188 presbyteris
1777 1105 2126 1188 disputans
2167 1107 2412 1170 adiecit
2440 1126 2456 1171 ε
2497 1117 2738 1188 oportet

311 1202 486 1266 enim
552 1206 899 1290 episcopum
959 1208 1581 1291 inreprehensibilem
1641 1230 1772 1273 esse
1819 1209 1991 1273 sicut
2037 1210 2172 1274 Dei
2218 1210 2732 1294 dispensatorem.

314 1315 385 1370 et
428 1310 606 1389 quod
654 1311 923 1374 dixerat
965 1332 1085 1394 per
1124 1312 1465 1375 ciuitatem
1497 1311 1925 1395 presbyteros
1964 1312 2207 1377 debere
2253 1314 2586 1392 constitui,
2618 1314 2732 1396 qui

311 1406 737 1476 ecclesiarum
770 1424 1044 1496 possent
1076 1412 1353 1497 implere
1382 1414 1970 1497 dispensationem.
2061 1416 2436 1498 prouincias
2481 1418 2730 1482 etenim

310 1516 599 1599 integras
630 1516 696 1579 in
730 1518 1016 1599 idipsum
1048 1517 1560 1581 committebant
1590 1516 1718 1580 illis
1766 1517 2007 1599 quibus
2048 1518 2400 1583 ordinandi
2437 1529 2730 1602 potesta·
2768 1536 2847 1583 10

310 1625 448 1683 tem
497 1620 925 1703 praebebant,
973 1620 1085 1702 qui
1138 1620 1443 1683 ciuitates
1491 1628 1945 1703 peragrantes,
1993 1621 2166 1684 sicut
2213 1641 2389 1685 nunc
2437 1623 2729 1707 episcopi

311 1722 611 1805 regiones
656 1743 826 1800 suaS,
859 1744 972 1787 eos
1017 1724 1130 1806 qui
1176 1724 1243 1787 in
1298 1724 1666 1788 ministerio
1716 1723 2033 1788 ecclesiae
2085 1727 2304 1790 minus
2352 1748 2496 1791 esse
2546 1728 2732 1793 uide·

309 1826 553 1891 bantur
598 1828 1015 1905 ordinabant,
1074 1838 1143 1893 et
1192 1829 1528 1893 docebant
1580 1848 1753 1912 quae
1805 1849 1920 1892 eos
1974 1828 2192 1895 facere
2244 1832 2728 1913 conueniebat;

311 1930 713 2008 ordinanteS,
770 1932 1119 2017 simulque⁴
1175 1940 1245 1997 et
1319 1933 1743 1997 instituentes
1801 1933 2100 2017 singulos
2172 1934 2345 1999 sicut
2409 1935 2730 2017 expedire

313 2033 811 2099 existimabant.
900 2044 1060 2098 tunc
1118 2055 1280 2098 uero
1339 2034 1448 2099 isti
1509 2034 1636 2117 ipsi
1709 2035 1824 2117 qui
1899 2035 2303 2100 ordinationi
2377 2049 2729 2120 praeerant
2764 2051 2837 2118 15

314 2144 329 2169 ⁸
354 2135 677 2218 apostoli'
718 2138 1128 2214 dicebantur,
1162 2138 1732 2221 contemplatione
1776 2139 2049 2220 quidem
2103 2142 2549 2222 reuerentiae3
2592 2163 2728 2225 quo

311 2241 585 2322 quidem
610 2242 882 2306 nomine
900 2263 972 2306 se
997 2243 1219 2306 uocari
1250 2226 1455 2325 graue
1486 2242 1975 2323 ex'istimanteS,
1996 2242 2499 2327 praeelegerunt
2522 2254 2597 2309 ut
2626 2265 2728 2310 se-

311 2347 604 2410 cundum
628 2347 1188 2412 consuetudinem
1221 2368 1394 2432 quae
1423 2348 1510 2411 ad
1544 2366 1855 2430 praesens
1886 2346 2170 2411 habetur
2195 2352 2213 2380 ‘
2235 2348 2726 2431 episcoporum’

309 2449 438 2516 sibi
492 2451 825 2518 uocabula
883 2452 1319 2530 uindicarent,
1366 2472 1450 2517 eo
1510 2452 1693 2536 quod
1749 2450 2239 2535 ‘apostolorum
2263 2452 2280 2479 '
2327 2453 2597 2518 nomine
2655 2473 2728 2517 se

311 2554 533 2618 uocari
580 2555 680 2619 sui
727 2557 946 2621 meriti
1000 2557 1215 2621 maius
1261 2578 1405 2621 esse
1446 2557 1824 2621 censebant.
1914 2557 1969 2620 si
2014 2566 2243 2620 autem
2287 2577 2424 2621 non
2465 2557 2596 2622 hoc
2632 2557 2727 2622 ita
2757 2575 2840 2624 20

309 2677 381 2720 se
420 2659 713 2736 haberet,
747 2681 882 2723 non
928 2661 1156 2744 utique
1196 2661 1483 2725 dixerit:
1529 2670 1608 2725 ut
1642 2659 1992 2724 constituas
2021 2674 2150 2744 per
2183 2662 2514 2727 ciuitatem
2543 2673 2728 2745 pres-

309 2763 567 2844 byteros,
618 2765 735 2828 sed
782 2765 1071 2828 dixerit:
1134 2774 1213 2828 ut
1251 2764 1604 2830 constituas
1633 2774 1759 2846 per
1791 2764 2124 2830 ciuitatem
2169 2766 2581 2848 episcopum,
2612 2765 2726 2847 qui

310 2868 652 2933 ordinatus
682 2878 921 2934 cuncta
953 2889 1125 2952 quae
1166 2869 1283 2933 illo
1328 2870 1547 2932 minus
1592 2867 2016 2932 habebantur
2049 2869 2297 2952 poterit
2341 2867 2726 2951 adimplere.

309 2970 552 3036 deinde
583 2972 802 3056 ipsum
834 2975 1221 3057 episcopum
1255 2973 1612 3057 designans
1642 2971 1860 3055 qualis
1891 2994 2036 3038 esse
2065 2974 2313 3038 debeat
2341 2973 2542 3052 dicit3

439 3118 567 3162 non
594 3099 918 3164 audacem.

408 3246 436 3294 5
472 3232 673 3283 dicebat
715 3234 760 3283 C
793 3233 941 3295 (corr)

308 3326 341 3380 9
372 3315 565 3379 possint
590 3315 638 3364 C
654 3330 687 3364 r

306 3414 386 3447 om
414 3398 457 3448 C
476 3399 628 3459 (cm)
656 3395 665 3462 Ι
694 3397 928 3462 expedire
948 3413 1027 3447 om
1054 3398 1097 3448 C
1117 3398 1205 3446 H:
1240 3403 1323 3446 txt
1343 3412 1377 3446 r

316 3492 371 3542 17
406 3479 613 3545 quidam
634 3481 730 3530 H:
761 3494 838 3528 om
861 3476 927 3542 νΙ
956 3493 1137 3527 uocare
1165 3477 1291 3526 CH

886 3330 905 3364 ι
919 3329 939 3364 1
977 3314 1249 3379 praebeant
1271 3330 1304 3363 r
1326 3311 1337 3378 Ι
1366 3327 1499 3363 nunc
1519 3329 1598 3362 om
1620 3327 1655 3361 r

1518 3394 1574 3445 16
1608 3394 2086 3458 contemplationem
2110 3395 2176 3444 Η
2189 3412 2222 3443 r
2245 3393 2255 3458 1
2283 3409 2387 3459 quo
2409 3409 2487 3445 om
2517 3396 2561 3445 C
2575 3395 2603 3421 ⁴*
2624 3397 2688 3444 Η
2696 3413 2729 3446 r

1477 3492 1541 3526 20
1573 3473 1818 3525 maiorem
1843 3476 1887 3525 C
1905 3475 1974 3524 Η
1986 3491 2019 3524 r

2756 3091 2835 3162 25

1300 3230 1332 3281 6
1368 3231 1668 3297 presbiteros
1709 3231 1826 3295 (for
1858 3229 2180 3296 presbyteris)
2226 3231 2271 3282 C
2285 3229 2398 3282 *H
2415 3231 2424 3298 Ι
2453 3232 2606 3284 adicit
2634 3233 2679 3284 C
2697 3250 2731 3284 r

1853 3326 1909 3361 ια
1945 3313 2274 3363 ministerium
2303 3314 2345 3363 C
2363 3329 2397 3363 r
2579 3330 2638 3377 14
2673 3323 2722 3366 et

2209 3493 2275 3542 ⁴²3
2310 3487 2505 3544 poterat
2532 3479 2604 3531 C*
2622 3481 2730 3531 Hr

310 3574 375 3623 ²4
395 3575 469 3625 sq.
498 3559 927 3610 deinde...debeat
950 3574 1057 3608 esse
1080 3558 1164 3621 [p.
1190 3571 1302 3620 240,
1320 3557 1357 3606 l.
1387 3555 1468 3620 14]
1489 3573 1566 3605 om
1590 3571 1624 3605 r

382 3697 424 3731 ι.
490 3681 600 3730 sine
619 3679 846 3742 crimine]
900 3679 1012 3729 The
1035 3677 1099 3728 Ο.
1122 3677 1179 3728 L.
1205 3679 1470 3743 rendering

308 3763 370 3814 os
385 3765 701 3826 ἀνέγκλητοι
769 3761 849 3812 Cf.
874 3773 937 3810 11.
965 3777 1018 3826 p.
1046 3773 1154 3823 127,
1186 3759 1221 3811 l.
1250 3775 1331 3810 υ.

379 3863 423 3896 2.
494 3846 593 3896 duo
626 3847 713 3894 hoc
754 3844 812 3894 in
849 3845 945 3894 loco
979 3844 1204 3906 ostendit]
1242 3843 1365 3892 viz-2
1393 3843 1466 3903 (1)

312 3928 421 3978 that
443 3927 529 3977 the
551 3926 737 3978 second
760 3927 907 3975 order
923 3924 981 3974 os
996 3925 1083 3974 the
1114 3926 1285 3988 κλῆρος
1306 3924 1358 3973 in
1380 3925 1468 3976 the

311 4009 578 4074 Apostolic
598 4023 693 4073 age
715 4009 836 4059 bore
860 4009 945 4058 the
968 4008 1102 4058 titlae
1130 4009 1461 4071 Ιπρεσβύτεροι,

307 4087 581 4144 ἐπίσκοποι,
610 4083 971 4148 indifferently5
1002 4083 1103 4132 and
1128 4084 1199 4149 (α)
1236 4083 1342 4132 that
1377 4081 1463 4133 the

308 4166 556 4216 members
588 4164 646 4214 os
672 4165 757 4214 the
788 4164 987 4229 highest
1013 4166 1159 4214 order
1191 4178 1320 4214 were
1344 4163 1463 4214 then

308 4247 563 4299 entrusted
587 4244 709 4296 with
726 4245 811 4296 the
825 4246 1076 4310 oversight
1094 4246 1153 4295 of
1168 4247 1326 4297 entire
1349 4261 1460 4311 pro·

308 4331 493 4392 vinces»,
524 4331 611 4382 the
632 4330 772 4381 cities
796 4331 951 4396 being
972 4330 1061 4380 lest
1090 4330 1143 4380 in
1163 4330 1248 4381 the
1277 4330 1460 4394 charge

306 4413 365 4464 os
381 4414 679 4478 presbyters.
746 4413 843 4464 See
867 4425 925 4463 11.
962 4429 1015 4479 p.
1044 4415 1311 4474 118—125,
1338 4413 1461 4462 with

310 4494 405 4544 the·
417 4500 585 4552 notem
625 4494 727 4544 and
761 4509 926 4559 comp.
964 4504 1003 4542 1.
1036 4507 1087 4558 p.
1126 4505 1231 4556 199,
1270 4491 1369 4540 and
1404 4492 1455 4542 S.

1568 3675 1810 3742 Jerome’s
1837 3677 2060 3728 remarks
2097 3678 2170 3728 ad
2201 3679 2250 3730 Ιι.
2287 3679 2323 3731 l.
2401 3681 2571 3746 Pelag.
2617 3682 2725 3733 also

1568 3759 1768 3810 noticed
1803 3758 1888 3808 the
1924 3759 2075 3825 proof
2099 3760 2157 3810 os
2188 3761 2274 3811 the
2307 3761 2522 3827 identity
2559 3763 2617 3814 of
2639 3765 2726 3816 the

1567 3843 1742 3906 πρεσβ.
1771 3842 1872 3891 and
1901 3843 2158 3892 ἐπίσκοποι
2181 3843 2404 3893 afforded
2432 3845 2503 3908 by
2527 3861 2558 3894 a
2587 3861 2721 3896 com-

1566 3923 1771 3990 parison
1815 3923 1875 3973 of
1907 3925 2011 3973 Tit.
2048 3923 2082 3975 i.
2129 3933 2174 3988 5,
2217 3935 2285 3988 7:
2335 3925 2554 3990 “ipsum
2599 3927 2721 3979 dicit

1570 4013 1582 4034 ‘
1602 4007 1892 4070 episcopum
1909 4004 1922 4027 ’
1987 4021 2137 4071 quern
2199 4008 2426 4072 superius
2493 4010 2508 4034 ‘
2523 4010 2721 4074 presby-

1566 4095 1724 4137 terum
1741 4087 1755 4110 ’
1777 4086 2110 4137 nominauit.”

1631 4185 1712 4220 20.
1781 4171 1949 4219 maius
1969 4168 2082 4231 esse]
2139 4169 2236 4221 See
2269 4187 2350 4220 vv.
2374 4171 2453 4232 11.;
2476 4173 2586 4238 sor.
2609 4174 2718 4238 lea„

1566 4249 1853 4298 “maiorem
1879 4247 2038 4299 rem.”
2101 4249 2182 4299 Cf.
2207 4259 2270 4298 11.
2299 4263 2392 4312 124
2405 4267 2482 4316 sq.

1632 4345 1712 4394 25.
1745 4331 1995 4392 audacem,
2023 4331 2568 4395 ἱνααιηιίιιηεῙαύθάδη,
2593 4333 2720 4396 ὀργί-

1564 4413 1816 4461 λον-ΝΟ
1839 4409 1921 4459 ἅτ.
1947 4409 2192 4472 λεγόμενα
2223 4411 2276 4459 in
2311 4411 2366 4461 S.
2400 4410 2566 4462 Paul’s
2601 4413 2722 4478 Epi-

1562 4493 1696 4554 stles,
1731 4508 1787 4544 so
1809 4493 1916 4542 that
1941 4492 2096 4542 Thdt.
2121 4491 2164 4542 is
2187 4493 2460 4543 somewhat
2487 4493 2634 4559 hasty
2667 4495 2720 4543 in
