3250 5025
479 374 606 435 226
1157 376 1617 429 THEODORUS·
1661 373 2247 428 MOPSUESTENUS
2479 362 2623 446 [IV.
2661 364 2780 427 8-
2800 378 2892 427 10.

478 553 740 619 illorum
773 574 947 638 quae
977 552 1069 618 illi
1102 552 1385 617 aderunt
1417 566 1543 634 pro·
1569 550 1815 615 labore.
1905 558 1975 615 et
2006 548 2368 615 ostendens
2407 550 2725 634 quoniam
2757 570 2892 613 non

478 657 694 722 solum
746 660 889 742 ipse
928 656 1183 722 lucrum
1228 656 1613 721 huiusmodi
1646 654 2069 739 adsequatur,
2099 654 2218 720 sed
2256 664 2325 720 et
2371 676 2608 720 omnes
2648 657 2762 739 qui
2803 652 2892 718 ad

476 762 617 825 eius
666 760 1180 825 sollicitudinem
1230 758 1529 823 laborare
1582 777 1704 840 pro
1758 759 2107 841 euangelio
2169 758 2766 823 uoluerint———unde
2825 764 2896 821 et

478 865 681 931 dicit:

414 1032 445 1099 5
608 1041 735 1083 non
774 1019 980 1083 solum
1020 1027 1238 1083 autem
1275 1016 1461 1093 milei,
1494 1016 1614 1081 sed
1649 1025 1714 1080 et
1739 1016 2035 1082 omnibus
2062 1014 2182 1098 qui
2215 1014 2509 1099 diligunt
2542 1014 2894 1078 aduentum

475 1146 629 1189 ems,

610 1254 874 1336 ‘itaque
925 1252 1340 1335 propositum
1403 1260 1505 1314 est
1554 1250 1822 1333 (inquit)
1871 1258 1941 1314 et
1994 1249 2117 1313 tibi
2169 1270 2454 1313 coronae
2505 1245 2896 1331 praemium,

478 1358 534 1421 si
587 1365 849 1421 tantum
902 1377 1075 1421 nunc
1128 1356 1413 1420 ualueris
1454 1351 1831 1418 elaborare.’
1923 1352 2220 1417 miraculi
2267 1373 2427 1415 uero
2474 1352 2754 1433 dignum
2794 1358 2896 1412 est

478 1462 661 1542 quod
691 1480 827 1523 non
858 1460 1035 1522 dixit
1070 1457 1233 1522 ‘illis
1264 1458 1376 1540 qui
1416 1457 1905 1530 laborauerunt‚
1940 1466 2055 1519 aut
2097 1456 2276 1538 passi
2310 1456 2502 1531 sunt,’
2535 1457 2650 1519 sed
2682 1457 2897 1520 dixit:

378 1564 597 1647 loqui
622 1564 912 1646 dilzjgunt
942 1564 1294 1627 aduentum
1333 1561 1472 1625 eius
1488 1585 1519 1635 ,·
1564 1582 1646 1625 eo
1695 1560 1875 1643 quod
1921 1561 2358 1624 certaminum
2397 1569 2466 1623 et
2507 1560 2894 1641 passionum

480 1678 747 1751 tempus
796 1687 930 1730 non
983 1686 1250 1747 semper
1296 1675 1413 1741 est,
1446 1662 1742 1727 caritatis
1776 1683 1932 1727 uero
1965 1672 2230 1745 tempus
2275 1672 2394 1738 est,
2426 1663 2481 1726 si
2529 1682 2705 1725 nunc
2745 1682 2894 1725 eam

480 1772 682 1834 etiam
734 1771 801 1833 in
847 1778 1151 1851 tempore
1198 1769 1381 1850 pacis
1432 1774 1632 1849 prout
1679 1774 1946 1849 oportet
1996 1766 2255 1829 saluare
2303 1768 2451 1848 quis
2495 1766 2898 1851 depropera-

480 1874 663 1948 uerit,
696 1871 949 1935 nullam
982 1871 1282 1934 fraudem
1326 1870 1701 1953 adsequens
1742 1870 1798 1932 si
1845 1878 2109 1952 tempus
2155 1870 2590 1934 certaminum
2623 1873 2896 1935 minime

479 1975 780 2039 adfuerit.
872 1976 939 2037 in
973 1973 1155 2037 hisce
1195 1973 1391 2037 dictis
1444 1991 1640 2035 suum
1680 1992 2155 2036 consummans
2195 1973 2557 2050 consilium,
2583 1974 2894 2041 exhorta-

376 2101 448 2167 15
480 2079 729 2144 tionem
784 2100 975 2143 suam
1027 2078 1152 2141 sub
1198 2078 1666 2142 testificatione
1713 2078 2116 2143 concludens
2162 2079 2504 2143 doctrinae
2550 2100 2753 2163 quam
2807 2076 2896 2145 ad

480 2202 632 2247 eum
665 2182 897 2246 fecisse
927 2182 1207 2257 uidetur,
1237 2181 1462 2245 scribit
1495 2181 1668 2244 ultra
1699 2181 1784 2245 de
1827 2181 1932 2246 his
1969 2182 2163 2247 rebus
2209 2183 2295 2246 de
2336 2183 2578 2265 quibus
2615 2186 2898 2250 scribere

481 2306 634 2349 eum
667 2287 833 2351 ratio
866 2287 1199 2371 exigebat,
1231 2296 1468 2371 utpote
1509 2286 1597 2351 ad
1644 2308 1838 2351 suum
1882 2288 2284 2372 discipulum
2333 2296 2401 2352 et
2443 2290 2742 2353 maxime
2772 2290 2894 2355 sibi

478 2390 843 2456 dilectum:

592 2550 853 2636 festina
882 2551 1103 2615 uenire
1127 2548 1224 2614 ad
1249 2572 1347 2614 me
1372 2549 1509 2614 cite.

368 2711 455 2759 20
609 2689 677 2743 et
708 2700 978 2743 causam
1013 2677 1357 2761 explicans
1390 2698 1522 2760 qua
1550 2679 1674 2742 cito
1705 2698 1857 2742 eum
1889 2677 1977 2743 ad
2007 2699 2080 2742 se
2113 2679 2338 2743 uenire
2373 2679 2651 2744 iusserat
2680 2699 2694 2742 :

609 2848 859 2912 Demas
908 2844 1171 2930 (inquit)
1230 2866 1331 2908 me
1377 2845 1732 2929 dereliquit,
1782 2847 2062 2930 diltgrens
2096 2861 2405 2932 praesens
2452 2847 2793 2925 saeculum,
2840 2857 2904 2912 et

479 2951 649 3016 abiit
678 2951 748 3016 in
789 2947 1319 3012 Thessalonicam.

608 3079 738 3144 hoc
786 3089 927 3144 est:
974 3079 1076 3142 ‘in
1108 3079 1397 3142 deterius
1430 3099 1658 3143 uersus
1698 3087 1818 3158 est,
1853 3087 2069 3145 totum
2103 3101 2174 3145 se
2216 3081 2502 3164 negotiis
2533 3082 2900 3165 praesentis

482 3187 661 3251 uitae
679 3185 1059 3268 implican33
1079 3183 1093 3208 ’
1126 3183 1254 3246 hoc
1285 3181 1461 3246 enim
1493 3183 1656 3247 dicit
1689 3185 2054 3266 praesentis
2085 3183 2332 3248 saeculi
2365 3183 2898 3250 delectationem.

579 3412 606 3446 α
642 3398 831 3448 luctum
859 3395 973 3460 (sor
986 3392 1196 3460 lucrum)
1225 3393 1297 3444 C*
1314 3395 1381 3444 H
1442 3395 1630 3444 luctam
1647 3413 1680 3444 r
1913 3410 1942 3458 3
1976 3395 2188 3446 uoluerit
2205 3396 2274 3445 H
2494 3407 2521 3458 5
2557 3402 2722 3446 autem
2745 3413 2823 3446 om
2842 3397 2910 3446 H

480 3478 513 3526 8
548 3493 648 3526 non
684 3475 803 3540 (sor
830 3472 983 3538 nune)
1025 3475 1148 3524 CH
1159 3491 1173 3523 ε
1204 3490 1283 3523 om
1312 3473 1381 3538 'rl
1412 3474 1640 3525 laborare
1679 3475 1764 3526 C*
1796 3474 1805 3541 Ι
1833 3477 2074 3526 miraculo
2105 3493 2142 3525 r
2407 3489 2440 3543 9
2472 3476 2598 3526 dixit
2633 3477 2727 3538 [2⁰]
2758 3493 2837 3526 om
2871 3493 2905 3524 r

488 3571 540 3606 u
579 3555 622 3606 si
654 3571 757 3605 non
778 3570 892 3604 eam
921 3555 1038 3603 CH
1086 3556 1128 3605 si
1150 3569 1213 3604 ea
1232 3571 1267 3602 r
1400 3571 1457 3604 η
1491 3557 1707 3607 salutare
1726 3557 1770 3606 C
1782 3556 1880 3606 *H
1993 3573 2052 3621 ¹4
2084 3558 2470 3607 consumansH
2588 3573 2644 3620 15
2677 3573 2820 3607 suum
2846 3559 2914 3608 H

482 3653 572 3689 sua
594 3654 627 3687 r
824 3639 882 3687 18
916 3643 990 3686 est
1014 3635 1115 3700 (ast
1133 3636 1389 3701 dilectum)
1412 3639 1519 3686 add
1538 3639 1585 3689 C
1749 3653 1808 3704 19
1841 3639 1907 3688 ad
1931 3655 2010 3689 me
2032 3655 2082 3690 u.
2111 3656 2145 3689 r
2273 3655 2338 3689 20
2368 3654 2498 3705 quae
2516 3639 2758 3705 (for-qua)
2789 3640 2914 3690 CH

486 3735 547 3771 αα
572 3718 907 3769 Thesalonim
928 3718 995 3767 H

560 3911 580 3944 1
594 3910 634 3944 ι.
694 3892 922 3942 caritatis
945 3907 1063 3942 uero
1082 3899 1273 3957 tempus
1294 3893 1386 3954 est]
1418 3893 1503 3944 Sc.
1525 3909 1645 3943 sem-
1748 3893 2010 3943 unbroken
2033 3907 2203 3958 peace,
2225 3893 2352 3943 shall
2375 3893 2526 3944 suffer
2546 3909 2614 3942 no
2635 3893 2751 3955 loss,
2774 3893 2903 3944 shall

480 3987 589 4044 per,
616 3976 783 4026 which
808 3975 1022 4041 perhaps
1045 3974 1135 4024 has
1168 3974 1321 4024 fallen
1355 3983 1441 4024 out
1476 3976 1648 4026 before
1748 3985 1838 4026 not
1861 3977 1924 4026 be
1945 3977 2136 4026 robbed
2160 3975 2218 4024 of
2241 3975 2319 4025 his
2341 3977 2546 4038 reward,
2571 3975 2787 4041 through
2819 3977 2905 4026 the

488 4065 692 4122 tempus.
761 4057 843 4106 Cf.
880 4055 1066 4106 Thdt.=
1115 4055 1307 4118 ἀγάπης
1347 4057 1449 4119 γὰρ
1490 4055 1651 4118 καιρὸς
1750 4059 1978 4108 accident
2014 4059 2073 4109 of
2108 4058 2187 4109 his
2228 4058 2416 4123 having
2459 4058 2588 4106 been
2630 4057 2732 4107 free
2775 4056 2904 4106 from

488 4139 581 4188 ciel.
1749 4135 1985 4188 consuet-⁹
2049 4139 2331 4203 Adsequens
2363 4139 2454 4199 (sc.
2485 4137 2906 4201 eti0=adseque-

556 4222 605 4271 si
637 4237 775 4272 nunc
816 4235 943 4279 cam,
984 4219 1113 4283 &tc-1
1178 4219 1275 4271 See
1314 4237 1391 4272 νν.
1414 4221 1469 4270 11.
1535 4221 1649 4272 The
1749 4227 1844 4271 tur.

492 4317 636 4353 sense
657 4317 817 4352 seems
843 4308 897 4351 to
930 4302 1025 4351 be:
1062 4307 1073 4329 ‘
1090 4301 1156 4351 he
1190 4301 1306 4350 who
1338 4303 1649 4353 endeavours
1817 4317 1895 4353 αι.
1935 4311 2173 4368 praesens
2193 4298 2614 4363 saeculumJ=rdv
2637 4301 2719 4349 νῦν
2741 4301 2905 4350 αἰῶνα.

494 4369 549 4434 to
570 4384 811 4433 maintain
833 4383 911 4431 his
934 4383 1105 4447 loving
1132 4384 1445 4448 expectation
1479 4383 1539 4434 of
1563 4385 1649 4434 the
1751 4385 1900 4434 Latin
1945 4384 2180 4446 versionz,
2233 4383 2376 4434 “hoc
2430 4380 2734 4434 saeculum.”
2823 4384 2907 4434 On

497 4464 675 4518 Lord's
718 4465 993 4531 appearing
1046 4465 1351 4530 throughout
1394 4481 1425 4515 a
1470 4465 1554 4516 life
1597 4465 1657 4515 os
1751 4468 1866 4516 αἰών
1887 4481 1970 4517 see
1993 4478 2029 4515 1.
2055 4482 2104 4532 p.
2131 4480 2159 4531 5
2183 4481 2258 4531 sq.
