3250 5025
270 384 395 449 ΙΙΙ.
440 384 557 467 15.]

1133 390 1217 441 IN
1263 390 1367 441 ΕΡ.
1414 388 1516 439 AD
1562 385 1826 437 TITUM.

2557 380 2682 448 257

269 591 501 633 omnes
560 569 850 635 salutare
910 568 1022 653 qui
1084 585 1205 649 per
1276 562 1431 627 fidei
1492 557 2014 624 familiaritatem
2075 576 2228 619 cum
2282 576 2362 619 eo
2427 552 2684 619 iunctas

269 674 593 737 amicitias
623 674 868 739 habere
897 672 1311 737 uidebantur.

270 775 496 853 tolam‚
528 777 755 841 dicens
784 798 801 843 :

1402 674 1470 731 et
1506 664 1600 728 sic
1641 670 1965 727 consueto
1995 660 2126 725 fine
2158 658 2483 725 conclusit
2512 659 2686 743 epis-

388 930 622 1013 gratia
650 950 795 994 cum
826 927 1121 993 omnibus
1150 923 1347 989 uobis.
1435 940 1648 984 amen.

400 1057 527 1122 hoc
558 1066 697 1122 est:
745 1062 763 1089 ‘
784 1056 908 1121 tibi
938 1073 1206 1139 quoque
1235 1058 1305 1115 et
1332 1045 1645 1113 omnibus
1677 1043 1788 1129 qui
1822 1043 2107 1141 diligunt
2139 1041 2296 1106 nos!

1207 1234 1229 1271 1
1267 1188 1601 1267 familiaritate
1628 1210 1672 1261 c
1689 1210 1759 1259 H

342 1390 385 1424 r.
463 1373 558 1439 qui
586 1379 686 1437 per
702 1370 833 1437 fidei
852 1372 1007 1436 flam„
1050 1367 1167 1430 δια]
1232 1364 1428 1428 Pelag.=

278 1456 413 1521 “qui
448 1471 540 1504 nos
573 1454 788 1503 fideliter
824 1460 1011 1513 amant,
1050 1450 1155 1501 siue
1188 1448 1275 1513 qui
1310 1444 1427 1495 fidei

271 1552 421 1586 causa
444 1552 535 1585 nos
557 1535 782 1585 amant.''
831 1536 1033 1599 Jerome
1054 1532 1195 1582 takes
1218 1546 1249 1579 a
1271 1528 1425 1579 wider

272 1617 400 1667 view
434 1616 493 1667 of
523 1618 576 1666 ἐν
611 1618 803 1666 πίστεις
839 1620 869 1642 “
886 1616 996 1665 sola
1031 1621 1313 1663 sanctorum
1352 1612 1425 1660 di·

271 1697 421 1749 lectio
444 1699 495 1748 in
521 1698 618 1747 fide
640 1697 817 1761 diligit,
842 1696 897 1745 in
922 1702 1115 1745 tantum
1146 1702 1199 1745 ut
1233 1693 1427 1743 etiamsi

272 1778 357 1829 ille
380 1780 467 1846 qui
489 1780 712 1844 diligitur
732 1777 948 1827 infidelis
978 1777 1057 1837 sit,
1088 1784 1255 1825 tamen
1287 1790 1427 1825 sanc-

273 1872 351 1913 tus
375 1863 425 1912 in
450 1863 549 1911 fide
572 1878 685 1911 eum
706 1861 935 1925 diligam

340 1964 390 2005 4.
460 1941 634 2005 gratia
672 1957 783 1989 cum
821 1940 1051 1989 omnibus
1094 1937 1247 1999 uobis]
1314 1938 1425 1987 Τὶιε

274 2024 425 2073 Latin
447 2024 667 2073 versions
688 2023 815 2071 have
846 2028 878 2049 ‘⁸
892 2038 970 2085 gr.
996 2020 1149 2078 Dei,''
1178 2036 1236 2068 or
1268 2020 1303 2043 ‘⁴
1320 2020 1425 2067 Do-

273 2104 451 2167 mini,”
486 2110 518 2134 ‘⁴
534 2104 724 2155 domini
761 2103 915 2154 nostri
934 2102 989 2165 ;’'
1024 2104 1113 2152 but
1148 2102 1207 2149 cf.
1253 2101 1422 2150 Hier.:

457 4607 509 4658 S.
558 4609 630 4660 11.

1535 1378 1571 1402 “
1584 1374 1842 1425 sciendum
1866 1374 2002 1439 qnod
2025 1374 2076 1424 in
2101 1374 2306 1425 Graecis
2332 1374 2587 1424 codicibus
2618 1374 2688 1423 ita

1527 1456 1768 1520 scriptum
1791 1463 1881 1516 est,
1902 1471 1982 1519 gr.
2011 1471 2124 1503 cum
2145 1470 2278 1504 omn.
2304 1455 2438 1503 uobis
2449 1468 2474 1511 ,·
2505 1461 2561 1502 ut
2594 1470 2687 1503 nec

1527 1536 1722 1585 domini
1739 1552 1832 1586 nec
1854 1536 2016 1585 nostri
2039 1535 2093 1584 in
2115 1534 2252 1583 libris
2276 1534 2458 1583 seratur
2479 1532 2685 1583 authen-

1528 1616 1692 1668 ticis.”

1594 1714 1642 1764 5.
1721 1700 1807 1749 hoc
1848 1706 1948 1748 est:
1997 1698 2115 1747 ‘tibi
2154 1698 2376 1762 quoque,'
2414 1696 2531 1758 &c.]
2615 1698 2686 1747 So

1529 1784 1802 1832 Ambrstr.:
1836 1786 1868 1809 “
1883 1796 2016 1831 nunc
2038 1780 2335 1845 generaliter
2355 1795 2528 1829 omnes
2556 1779 2684 1828 salu-

1531 1871 1602 1913 tat
1642 1864 1815 1913 fratres
1853 1871 1904 1913 et
1942 1861 2244 1911 domesticos
2277 1861 2433 1910 Titi.”
2502 1860 2683 1909 Hier.:

1529 1949 1560 1970 ‘⁶
1576 1944 1696 1994 Tito
1713 1951 1769 2011 et
1789 1944 1966 1994 ceteris
1987 1943 2072 2007 qui
2096 1958 2210 1992 cum
2237 1957 2297 1991 eo
2330 1948 2469 1991 erant
2504 1940 2683 2005 impre-

1526 2032 1665 2074 catur
1685 2024 1908 2089 gratiam.
1920 2021 1949 2044 '’
