3250 5025
442 1499 520 1547 10

445 2074 514 2143 15

551 331 670 393 108

1208 345 1666 400 THEODORUS
1714 346 2301 402 MOPSUESTENUS

2712 335 2870 419 [111.
2904 351 2963 397 2.

540 516 956 580 occasionem
1005 515 1432 600 baptismatis
1479 517 1801 582 incuriam
1860 517 2144 583 multam
2200 517 2512 582 inducere
2571 517 2964 582 adnituntur

541 616 786 680 iudicio
817 619 972 682 iusti
1004 619 1152 685 Dei.

1244 639 1401 684 nam
1435 629 1503 685 et
1533 619 1871 702 baptisma
1902 640 2241 703 magnum,
2270 641 2352 684 eo
2388 620 2571 703 quod
2617 628 2961 684 tantorum

542 722 869 786 bonorum
946 724 1243 788 continet
1315 723 1732 807 largitatem3
1806 731 1875 787 et
1948 724 2366 807 propositum
2446 723 2963 805 uniuscuiusque

541 826 907 889 necessarie
966 827 1296 891 iudicatur
1354 848 1444 891 ex
1505 827 1803 890 Domino
1866 827 2035 904 Deo,
2080 848 2121 891 a
2173 847 2307 910 quo
2366 826 2475 890 uel
2534 827 2834 889 maxime
2894 834 2966 889 et

480 927 860 1010 5baptismi
908 929 1185 993 donatio
1234 928 1520 993 multum
1579 929 2095 1012 suscipientibus
2149 929 2334 992 illum
2388 936 2616 1011 potest
2665 925 2961 990 conferre

542 1031 873 1095 iuuamen.
962 1052 1086 1096 nec
1131 1053 1346 1116 aquae
1391 1042 1630 1097 natura
1673 1032 1791 1096 sed
1839 1032 2341 1115 suscipientium
2384 1031 2552 1094 fides
2595 1026 2961 1114 perfectam

544 1133 674 1197 Dei
708 1133 1181 1199 liberalitatem
1215 1136 1283 1198 in
1314 1134 2038 1217 baptisma-adtrahere
2067 1135 2257 1201 solet.
2347 1134 2701 1199 uideamus
2732 1142 2959 1199 autem

543 1245 611 1302 et
642 1247 862 1302 cetera
891 1260 1064 1322 quae
1095 1240 1182 1304 de
1212 1239 1526 1323 episcopo
1557 1239 1760 1305 dicit:

671 1368 979 1434 sobrium.

675 1481 768 1544 ita
801 1490 875 1545 ut
903 1499 1056 1544 cum
1094 1478 1538 1544 sollicitudine
1566 1479 1931 1564 prospiciat
1960 1478 2073 1544 illa
2104 1498 2277 1563 quae
2305 1478 2447 1564 geri
2478 1478 2901 1544 conueniunt.

659 1608 997 1691 pudicum.

675 1721 1058 1797 necessarie,
1105 1740 1186 1784 eo
1244 1719 1425 1804 quod
1486 1720 1556 1783 in
1615 1739 1973 1786 commune
2030 1727 2100 1785 et
2150 1719 2441 1785 uirorum
2490 1728 2559 1785 et
2612 1719 2961 1784 mulierum

543 1823 972 1888 constituitur
1000 1824 1252 1888 doctor.

675 1959 996 2018 ornatum.

674 2065 1196 2143 conuersatione,
1227 2073 1433 2142 motu,
1464 2063 1725 2148 specie3
1772 2085 1895 2150 per
1922 2065 2149 2131 omnia
2179 2066 2479 2133 ostendit
2507 2065 2776 2151 qualem
2807 2087 2965 2132 con·

545 2169 774 2233 ueniat
803 2189 948 2231 esse
979 2167 1386 2251 episcopum.

675 2299 1066 2384 hospitalem.

675 2414 993 2478 conuenit
1025 2434 1170 2477 esse
1201 2411 1593 2498 episcopum
1623 2411 2018 2497 hospitalem,
2053 2433 2188 2478 non
2221 2413 2531 2478 absolute
2572 2413 2736 2481 dicit
2776 2436 2965 2498 pere-

540 2518 880 2601 grinorum
944 2519 1261 2593 omnium,
1310 2516 1429 2580 sed
1490 2516 1756 2580 illorum
1802 2516 1917 2600 qui
1964 2518 2265 2582 eiusdem
2329 2517 2485 2581 fidei
2542 2528 2743 2598 sunt;
2796 2540 2966 2601 quos

543 2723 790 2803 gentia.

675 2840 1022 2907 docibilem.

438 2629 524 2677 20
547 2629 742 2685 notos
795 2630 1108 2685 extantes
1157 2620 1282 2684 sibi
1335 2628 1411 2685 ut
1458 2640 1613 2684 suos
1660 2621 1995 2704 suscipere
2041 2622 2248 2686 debet
2298 2641 2451 2686 cum
2504 2642 2769 2687 summa
2819 2622 2967 2687 dili-

673 2952 801 3017 hoc
848 2953 989 3016 eius
1034 2972 1203 3035 opus
1248 2960 1324 3017 ut
1366 2951 1609 3016 doceat
1652 2950 1958 3016 homines
2002 2961 2072 3017 et
2118 2952 2435 3019 uirtutem
2490 2962 2559 3018 et
2606 2954 2970 3037 pietatem;

790 3114 822 3158 4
857 3095 1134 3145 necessario
1157 3110 1189 3143 r
1211 3092 1222 3157 Ι
1253 3095 1406 3144 Dom.
1430 3101 1480 3144 et
1505 3095 1620 3144 Deo
1643 3094 1713 3144 H

543 3220 778 3271 Catholic
812 3219 1038 3269 doctrine
1072 3219 1131 3268 of
1161 3218 1430 3284 baptismal
1463 3234 1629 3283 grace,
1664 3219 1707 3268 is

540 3302 675 3354 clear
698 3301 827 3351 from
849 3300 929 3352 his
951 3300 1234 3365 exposition
1251 3299 1309 3350 οἱ
1327 3300 1383 3350 5.
1397 3301 1536 3365 John
1558 3300 1631 3348 iii.
1653 3314 1705 3363 52

541 3390 626 3437 τὸν
649 3386 831 3449 τρόπον
867 3384 1145 3445 ἐξηγήσατο
1178 3384 1264 3442 τῆς
1287 3382 1365 3431 διὰ
1385 3384 1471 3430 τοῦ
1491 3382 1704 3446 βαπτίσ-

541 3484 693 3530 ματος
726 3462 1099 3529 ἀναγεννὴσεως,
1138 3466 1226 3515 τοῦ
1255 3466 1346 3525 μὲν
1378 3464 1550 3515 ὕδατος
1581 3466 1635 3513 ἐν
1666 3460 1706 3526 ᾧ

543 3550 814 3611 πληροῦται
835 3550 892 3597 τὸ
912 3550 1057 3609 ἔργον
1079 3548 1241 3603 εἰπών,
1257 3547 1346 3594 τοῦ
1368 3546 1419 3595 δὲ
1441 3547 1709 3603 πνεύματος

543 3634 594 3682 ἐν
606 3628 676 3693 τῷ
692 3631 828 3680 ὕδατι
839 3632 930 3689 τὴν
943 3629 1120 3679 οίκείαν
1135 3629 1429 3687 πληροῦντας
1443 3628 1707 3689 ἐνέργειαν.

545 3714 646 3764 His
667 3720 858 3779 protest
880 3712 1072 3777 against
1098 3710 1182 3760 the
1205 3710 1358 3761 abuse
1380 3709 1440 3759 of
1461 3710 1560 3760 this
1588 3710 1708 3759 doc·

547 3795 677 3845 trine
721 3794 790 3857 by
827 3794 914 3843 the
953 3792 1195 3856 lowering
1238 3790 1297 3841 of
1338 3807 1371 3840 a
1415 3792 1707 3841 Sacrament

545 3876 654 3925 into
677 3892 710 3924 a
731 3890 867 3926 mere
897 3874 1068 3924 charm
1091 3872 1178 3935 [cf.
1204 3872 1432 3932 Hooker‚
1463 3874 1532 3922 E.
1557 3874 1620 3921 P.
1646 3884 1698 3921 v.

545 3958 574 4017 5
618 3955 722 4006 lvii.
761 3956 814 4019 4]
861 3956 991 4005 finds
1029 3972 1060 4003 a
1094 3954 1302 4019 parallel
1333 3954 1385 4003 in
1415 3954 1502 4003 the
1535 3960 1709 4018 strong

547 4038 794 4102 language
839 4036 896 4085 of
945 4036 1096 4099 Greg.
1145 4035 1296 4099 Nysr».
1345 4042 1471 4084 orat.
1529 4034 1707 4083 catech.

550 4134 643 4179 402
696 4120 739 4165 εί
775 4118 827 4166 δὲ
865 4118 922 4166 τὸ
966 4118 1168 4177 λοῦτρον
1217 4118 1305 4176 μὲν
1353 4117 1594 4176 έπαχθείη
1639 4111 1712 4176 τῷ

549 4202 756 4261 σώματι,
797 4198 829 4258 ᾗ
863 4198 916 4247 δὲ
951 4200 1086 4262 ψυχὴ
1120 4201 1206 4248 τὰς
1243 4199 1474 4256 ἐμπαθεῖς
1513 4198 1711 4257 κηλῖδας

548 4284 616 4344 μὴ
661 4278 1128 4345 ἀπορρίψατο...κᾶν
1178 4282 1417 4343 τολμηρὸν
1459 4280 1610 4329 εἰπεῖν
1657 4274 1705 4343 ἦ,

549 4367 675 4425 λέξω
706 4365 789 4414 καὶ
811 4365 895 4412 οὐκ
929 4358 1355 4425 ἀποτραπήσομαι,
1380 4357 1456 4411 ὅτι
1489 4361 1571 4409 ἐπὶ
1602 4363 1709 4410 τού-

548 4469 644 4502 των
679 4450 736 4499 τὸ
767 4444 892 4508 ὕδωρ
925 4442 1048 4508 ὕδωρ
1081 4443 1230 4501 ἐστίν,
1262 4442 1471 4503 οὐδαμοῦ
1501 4442 1586 4502 τῆς
1619 4442 1707 4491 δω-

1933 3110 1997 3161 23
2033 3101 2108 3147 est
2134 3094 2231 3163 (qfl
2248 3096 2366 3159 hoc)
2388 3096 2495 3146 add
2515 3098 2560 3147 C
2574 3095 2719 3163 (corr)

1809 3220 1923 3283 ρεᾶς
1951 3222 2040 3269 τοῦ
2072 3220 2215 3281 ἁγίου
2246 3222 2516 3280 πνεύματος
2548 3222 2867 3283 ἐπιφανείσης
2902 3222 2977 3284 τῷ

1806 3302 2058 3361 γινομένῳ.
2127 3302 2229 3351 For
2264 3300 2407 3352 Th.’s
2446 3302 2667 3367 peculiar
2712 3302 2887 3367 theory
2922 3303 2982 3354 os

1808 3380 1894 3430 the
1916 3380 2185 3445 baptisma]
2209 3379 2467 3431 remission
2490 3380 2550 3430 os
2574 3382 2676 3432 sins
2706 3398 2788 3433 see
2810 3383 2976 3434 below

1809 3462 1898 3522 (on
1920 3461 1991 3511 iii.
2017 3460 2089 3524 6).

1880 3557 1955 3592 10.
2022 3541 2417 3607 ut...prosp2'ciat,
2448 3542 2563 3604 ἃς]
2607 3542 2790 3594 Thdt.:
2824 3560 2975 3606 προσ-

1808 3623 1976 3673 κοπεῖν
1997 3626 2053 3672 τὸ
2078 3624 2319 3685 πρακτέον
2344 3624 2615 3682 δυνάμενον.

1880 3717 1957 3767 15.
2023 3703 2399 3763 conuersatione,
2450 3704 2563 3765 δια]
2653 3702 2839 3754 Thdt.:
2894 3706 2977 3753 καὶ

1808 3786 2060 3847 φθέγματι
2104 3785 2187 3834 καὶ
2228 3781 2450 3845 σχήματι
2485 3786 2567 3833 καὶ
2607 3784 2855 3847 βλέμματι
2896 3788 2978 3835 καὶ

1806 3865 2092 3928 βαδίσματι.

1876 3962 1954 3996 22.
2025 3944 2296 4006 docibilem]
2338 3945 2635 3994 διδακτικόν.
2703 3945 2775 3996 So
2809 3943 2875 3995 Ο.
2912 3946 2974 3997 L.

1808 4028 1931 4077 with
1955 4028 2120 4079 Codd.
2145 4028 2391 4087 Clarom.,
2418 4027 2653 4076 Boerner.
2675 4042 2692 4087 ;
2724 4026 2777 4075 in
2798 4042 2823 4076 2
2840 4027 2977 4077 Tim.

1811 4111 1863 4161 ii.
1897 4127 1973 4173 24,
2012 4110 2179 4160 where
2213 4109 2300 4160 the
2332 4124 2469 4159 same
2503 4108 2749 4173 adjective
2783 4126 2973 4173 occurs,

1811 4192 1911 4243 this
1956 4194 2222 4259 rendering
2264 4192 2307 4243 is
2350 4193 2531 4242 shared
2574 4192 2642 4255 by
2682 4192 2768 4243 the
2806 4193 2979 4259 vulg..

1810 4274 1976 4324 which
2046 4274 2166 4323 here
2232 4272 2373 4339 gives
2432 4269 2792 4323 “doctorem”
2882 4273 2983 4326 See

1812 4356 2035 4419 Rbnsch,
2058 4356 2211 4417 Itala,
2239 4371 2289 4420 p.
2321 4370 2431 4408 110.

1878 4454 1957 4503 23.
2024 4445 2070 4489 et
2111 4438 2348 4490 uirtutem
2392 4446 2440 4489 ct
2470 4438 2725 4503 pietatem]
2794 4440 2979 4492 “Both
