3250 5025
339 339 418 404 V.
464 357 560 418 11,
602 339 722 422 η]
1053 353 1134 402 m
1187 353 1292 404 ΕΡ.
1340 353 1446 402 AD
1491 351 1956 405 τιΜοτΗΕυΜ
2006 351 2047 400 1.
2645 335 2758 416 163

341 534 497 589 runt
537 523 731 588 huius
777 525 954 588 uitae
988 524 1284 600 inueniri,
1327 524 1382 586 si
1416 543 1550 586 non
1583 523 1651 586 in
1690 523 2118 586 matrimonio
2158 523 2561 586 constitutae
2593 522 2761 586 tales

341 627 630 692 suerint?
719 639 787 691 et
840 628 1200 692 ostendens
1263 627 1698 709 quamobrem
1760 626 1962 689 etiam
2040 634 2330 690 aetatem
2382 625 2761 708 designauit

338 734 703 798 secundum
765 755 968 817 quam
1047 733 1190 797 illas
1266 733 1331 796 in
1393 733 1624 795 ordine
1699 730 2049 795 uiduarum
2126 731 2325 813 recipi
2406 730 2758 814 praecepit,

337 839 620 902 adiecit:

469 998 827 1064 iuueniores
853 1011 1068 1064 autem
1100 1001 1341 1065 uiduas
1370 1001 1614 1065 deuita.
2834 1003 2863 1068 5

471 1146 604 1189 non
667 1127 823 1209 quia
886 1147 1018 1190 non
1075 1129 1162 1190 sit
1215 1128 1420 1210 digna
1470 1126 1784 1190 iuuentus
1832 1135 1900 1189 et
1951 1127 2198 1209 exequi
2252 1127 2585 1202 uirtutem,
2636 1127 2753 1191 sed

335 1248 538 1311 quam
572 1230 661 1293 ob
692 1251 962 1293 causam
995 1230 1060 1294 id
1093 1232 1340 1294 dixerit
1372 1231 1438 1294 in
1471 1229 2030 1312 subsequentibus
2061 1232 2331 1314 pandit:

465 1419 610 1462 cum
639 1399 810 1463 enim
843 1400 1217 1465 luxuriatae
1228 1401 1498 1484 suerint
1526 1401 1596 1464 in
1632 1399 1905 1479 Christe,
1936 1401 2168 1466 nubere
2197 1401 2440 1475 uolunt,
2459 1398 2757 1464 habentes

333 1502 879 1584 dampnationem,
911 1507 1070 1588 quia
1085 1505 1382 1588 primam
1396 1506 1606 1590 fidem
1642 1506 1918 1570 inritam
1932 1507 2250 1590 fecerunt.

465 1631 634 1695 bene
683 1633 1090 1696 ‘luxuriatas
1137 1635 1201 1696 in
1259 1633 1562 1697 Christo'
1608 1635 1826 1711 dixit;
1890 1634 2015 1698 hoc
2066 1645 2201 1698 est:
2261 1633 2531 1716 †‘atubi
2584 1636 2754 1701 inter
2791 1654 2867 1700 10

335 1735 570 1800 uiduas
631 1737 872 1801 fuerint
932 1751 1237 1821 receptae
1300 1739 1418 1823 [et]
1480 1740 2000 1804 ecclesiasticum
2078 1741 2434 1803 adsecutae
2506 1739 2751 1803 fuerint

333 1849 699 1922 sumptum,
753 1862 1020 1906 securae
1079 1852 1393 1906 extantes
1452 1864 1651 1926 super
1709 1844 2160 1925 corporalibus
2228 1844 2749 1920 necessitatibus,

335 1943 495 2008 nihil
553 1945 733 2008 aliud
795 1958 1030 2010 curant
1093 1948 1216 2010 nisi
1269 1967 1442 2030 quae
1496 1948 1709 2010 otiose
1761 1956 2004 2010 uacent
2053 1946 2356 2010 luxuriae
2408 1948 2753 2029 corporali,

331 2067 413 2109 eo
442 2051 622 2130 quod
657 2070 789 2113 non
823 2050 1074 2114 habent
1104 2053 1189 2115 de
1219 2052 1460 2135 quibus
1501 2051 1823 2114 sollicitae
1866 2051 1998 2114 sint
2025 2073 2038 2127 ;
2096 2071 2265 2133 quae
2297 2051 2500 2114 etiam
2532 2051 2750 2114 solent

330 2160 401 2213 et
431 2151 838 2217 intellectum
869 2153 1216 2218 humiliare
1247 2155 1635 2219 humanum.
1728 2156 1983 2218 otiosae
2015 2175 2173 2219 uero
2203 2155 2497 2231 effectae,
2530 2156 2749 2239 despi-
2788 2167 2855 2234 15

327 2257 579 2321 cientes
609 2257 1086 2340 professionem
1126 2278 1332 2334 suam,
1365 2259 1449 2322 de
1475 2259 1725 2340 nuptiis
1758 2259 2083 2340 incipiunt
2113 2255 2466 2341 cogitare,*
2497 2261 2749 2341 grauis-

331 2363 497 2424 sime
550 2383 622 2425 se
681 2362 1014 2426 obnoxias
1068 2361 1385 2426 facientes
1438 2383 1518 2426 ea
1578 2365 1836 2426 ratione
1897 2383 2029 2444 qua
2091 2349 2489 2445 promissum
2554 2383 2745 2428 suurn

457 2532 723 2600 ἐπειδᾶν
773 2540 918 2607 ταῖς
960 2536 1196 2624 χήραις
1247 2538 1787 2621 ἐγκαταλεγῶσιν
1834 2538 1951 2617 τῆς
1994 2534 2354 2617 ἐκκλησίας
2398 2534 2515 2602 καὶ
2556 2533 2750 2621 ἀξιω-

329 2634 539 2702 θῶσιν
590 2639 984 2723 ἐπιμελείας,
1036 2644 1198 2726 πρὸς
1257 2640 1578 2729 στρήνους
1648 2640 1947 2707 ἐντεῦθεν
1998 2638 2601 2727 χειραγωγηθεῖσαι
2658 2640 2753 2726 τῷ

323 2738 525 2821 μηδὲν
555 2740 736 2831 ἔχειν
765 2740 930 2831 ὅπερ
959 2748 1370 2832 μεριμνῶσαι
1407 2743 1891 2813 ταπεινοῦσθαι
1931 2742 2241 2809 δύνανται
2274 2740 2395 2825 τὴν
2436 2740 2747 2822 διάνοιαν,
2774 2762 2863 2811 20

323 2841 576 2931 μακρὸν
626 2846 888 2935 χαίρειν
940 2848 1252 2914 εἰποῦσαι
1294 2846 1376 2933 τῇ
1423 2846 1630 2938 οἰκείᾳ
1675 2847 2045 2935 ἐπαγγελία
2093 2847 2465 2927 μελετῶσιν
2520 2841 2747 2927 γάμον,

323 2945 690 3036 ἀμερίμνως
733 2948 818 3015 τὰ
863 2954 979 3033 τῆς
1023 2949 1252 3040 χρείας
1296 2948 1737 3037 ποριζόμεναι.

425 3156 454 3189 2
489 3138 822 3205 designauerit
846 3156 878 3188 r
1075 3156 1102 3204 3
1135 3140 1390 3205 praecepit
1414 3140 1480 3190 H
1670 3152 1696 3201 5
1734 3138 1950 3187 iuniores
1974 3138 2034 3185 H
2070 3136 2499 3187 *adolescentiores
2521 3152 2553 3185 r
2698 3136 2744 3186 ·6

324 3228 473 3269 etone
502 3222 596 3271 Cr
863 3238 917 3272 11
955 3222 1331 3271 etomCHr:
1363 3218 1893 3278 txtllconsecutael
2140 3235 2198 3283 13
2233 3220 2749 3284 quod(sorquae)C

323 3297 469 3365 (corr)
511 3308 566 3351 ut
607 3318 640 3351 r
835 3306 893 3353 18
927 3318 1001 3367 sq.
1047 3302 1204 3351 Coisl.
1247 3317 1358 3363 204,
1398 3299 1434 3350 f.
1469 3313 1564 3362 205
1587 3301 1622 3350 b
1662 3300 1767 3362 [Cr.
1810 3300 1895 3348 vii.
1937 3298 2021 3359 40]
2053 3295 2198 3349 ἄλλος
2232 3298 2284 3347 δέ
2320 3305 2489 3360 φησιν·
2522 3299 2737 3357 ἐπειδάν,
2822 3335 2829 3341 ,

322 3386 466 3432 etsi-A.
718 3400 781 3434 20
811 3382 1071 3447 μεριμνῶσι
1093 3384 1175 3434 Cr.
1422 3398 1475 3433 21
1505 3382 1630 3431 after
1650 3381 1809 3442 ’γάμον
1830 3380 1915 3430 the
1940 3382 2145 3429 catenist
2168 3380 2294 3429 adds
2319 3382 2394 3426 καὶ
2416 3381 2481 3428 τὰ
2504 3380 2742 3440 λεχθέντα

321 3469 491 3528 ἐφεξῆς
515 3466 909 3527 διαπράττονται.

392 3632 438 3679 5.
526 3612 826 3673 iuueniores]
895 3612 990 3663 See
1031 3629 1109 3660 vv.
1152 3612 1203 3661 ll.
1294 3610 1356 3662 Ο.
1413 3611 1471 3659 L.
1580 3628 1722 3669 μεναι
1766 3613 1881 3673 πρὸς
1918 3627 2026 3672 στρ.
2073 3606 2287 3659 ἐντεῦθεν
2325 3608 2741 3673 χειραγωγοῦνται

323 3696 690 3762 (Cypr.,Aug.,
715 3694 889 3745 Sedul·
923 3695 1105 3753 Scot.),
1150 3695 1180 3720 ‘⁶
1201 3691 1482 3751 iuniores’';
1584 3692 1657 3755 τῷ·
1706 3694 1855 3752 μηδὲν
1922 3694 2052 3753 ἔχειν
2116 3688 2238 3755 ὅπερ
2301 3688 2598 3755 μεριμνῶσαι
2652 3710 2739 3740 τα-

327 3780 529 3837 Ambr.,
576 3770 747 3841 Vulg„
799 3772 1324 3825 “adolescentiores'’
1403 3773 1481 3823 Cf.
1587 3771 1865 3825 ιι-εινοὶἱσθιιι
1909 3774 2131 3823 δύνανται
2180 3775 2269 3833 τὴν
2315 3772 2545 3824 διάνοιαν·
2591 3772 2740 3838 ἀργαὶ

321 3866 491 3921 supra,
542 3874 593 3923 p.
635 3872 743 3919 151,
787 3855 823 3904 1.
868 3868 939 3917 15,
984 3862 1138 3916 note3
1181 3855 1282 3903 and
1321 3853 1482 3919 infra,
1583 3858 1639 3906 δὲ
1660 3856 1931 3920 γενόμεναι,
1948 3847 2145 3917 μακρόν,
2166 3857 2313 3903 κ.τ.λ.
2370 3855 2551 3922 Comp.
2580 3856 2737 3907 Thdt.

323 3954 373 4003 p.
407 3936 512 4001 165,
543 3939 576 3988 l.
611 3954 686 4002 14.
1583 3939 1656 3989 ad
1685 3940 1732 3988 h.
1773 3939 1827 3988 1.:
1863 3940 1921 3988 τὸ
1952 3940 2003 3987 δὲ
2055 3940 2069 3963 ‘
2099 3940 2600 4002 καταστρηνιάσωσιν’
2636 3937 2738 3989 ἀντὶ

395 4036 470 4071 10.
537 4012 649 4071 'bene
676 4021 689 4046 ‘
707 4018 1028 4078 luxuriatus?
1049 4019 1165 4082 &c.]
1231 4018 1343 4069 The
1370 4016 1471 4068 Gk.
1579 4019 1681 4071 τοῦ·
1725 4018 1810 4081 τῆς
1854 4016 2255 4080 ἑκκλησιαστικῆς
2288 4017 2621 4071 ἀπολαύουσαι
2659 4021 2735 4070 θε-

322 4120 484 4155 seems
529 4103 792 4169 originally
845 4110 900 4153 to
947 4102 1078 4153 have
1144 4118 1264 4152 run:
1323 4097 1479 4149 καλῶς
1579 4105 1779 4167 pan-etas
1802 4103 1883 4152 καὶ
1910 4103 2029 4164 δίχα
2061 4104 2311 4165 φροντίδος
2341 4099 2433 4162 τὴν
2456 4104 2734 4163 σωματικὴν

320 4188 453 4236 εἶπεν
508 4188 526 4211 ‘
545 4186 1032 4250 καταοτρηνιασάσας
1086 4186 1172 4233 τοῦ
1219 4178 1448 4247 Χριστοῦ·
1466 4179 1478 4201 ’
1582 4180 1884 4245 κομιζόμεναι
1927 4182 2109 4245 χρείαν,
2164 4180 2312 4246 ἀργίᾳ
2369 4186 2732 4247 συντρέφονται·

320 4270 588 4330 τουτέστιν,
639 4268 837 4319 ἐπειδὰν
883 4270 986 4319 ταῖς
1029 4284 1081 4329 χ.
1132 4269 1240 4328 &yx-
1275 4267 1354 4316 καὶ
1394 4262 1479 4325 τῆς
1580 4268 1612 4325 ἡ
1630 4268 1682 4316 δὲ
1704 4262 1852 4329 ἀργία
1874 4264 2062 4326 εἰσάγει
2085 4260 2177 4324 τὴν
2200 4265 2453 4329 πονηρίαν.

320 4348 722 4412 deductae-nafis
753 4349 1014 4413 ἀξιωθῶσιν
1047 4350 1338 4410 ἐπιμελείας,
1367 4347 1478 4406 ἆμε-
1646 4348 1731 4399 Ιιοε
1782 4353 1849 4397 est
1952 4346 2229 4412 sumptum]
2294 4348 2445 4400 cited
2484 4349 2552 4413 by
2596 4349 2727 4399 Lan-

317 4436 491 4495 ρίμνως
535 4438 599 4484 τὰ
643 4432 726 4494 τῆς
769 4430 1044 4494 σωματικῆς
1087 4433 1252 4495 χρείας
1293 4429 1478 4495 ποριζό-
1580 4428 1736 4480 franc.

2352 4548 2555 4593 11—2
