<?xml version="1.0" encoding="UTF-8"?>
<!DOCTYPE html PUBLIC "-//W3C//DTD XHTML 1.0 Transitional//EN"
    "http://www.w3.org/TR/xhtml1/DTD/xhtml1-transitional.dtd">
<html xmlns="http://www.w3.org/1999/xhtml" xml:lang="en" lang="en">
 <head>
  <title>
</title>
<meta http-equiv="Content-Type" content="text/html;charset=utf-8" />
  <meta name='ocr-system' content='tesseract 3.04.00' />
  <meta name='ocr-capabilities' content='ocr_page ocr_carea ocr_par ocr_line ocrx_word'/>
</head>
<body>
  <div class='ocr_page' id='page_1' title='image "./theodoriepiscop01swetgoog_0038.png"; bbox 0 0 3250 5025; ppageno 0'>
   <div class='ocr_carea' id='block_1_1' title="bbox 481 290 2892 377">
    <p class='ocr_par' dir='ltr' id='par_1_1' title="bbox 481 290 2892 377">
     <span class='ocr_line' id='line_1_1' title="bbox 481 290 2892 377; baseline 0 -21"><span class='ocrx_word' id='word_1_1' title='bbox 481 294 565 357; x_wconf 91' lang='lat'>26</span> <span class='ocrx_word' id='word_1_2' title='bbox 1157 309 1616 362; x_wconf 84' lang='lat' dir='ltr'>THEODORUS</span> <span class='ocrx_word' id='word_1_3' title='bbox 1663 307 2249 361; x_wconf 76' lang='lat' dir='ltr'>MOPSUEs‘rENus</span> <span class='ocrx_word' id='word_1_4' title='bbox 2482 290 2627 377; x_wconf 92' lang='lat' dir='ltr'>[IV.</span> <span class='ocrx_word' id='word_1_5' title='bbox 2660 307 2892 371; x_wconf 89' lang='lat'>9—12.</span> 
     </span>
    </p>
   </div>
   <div class='ocr_carea' id='block_1_2' title="bbox 380 474 2909 2312">
    <p class='ocr_par' dir='ltr' id='par_1_2' title="bbox 380 474 2909 2312">
     <span class='ocr_line' id='line_1_2' title="bbox 480 474 2898 563; baseline 0.001 -26"><span class='ocrx_word' id='word_1_6' title='bbox 480 474 628 538; x_wconf 91' lang='lat' dir='ltr'>loco</span> <span class='ocrx_word' id='word_1_7' title='bbox 662 475 749 539; x_wconf 91' lang='lat' dir='ltr'>de</span> <span class='ocrx_word' id='word_1_8' title='bbox 790 476 919 541; x_wconf 91' lang='lat' dir='ltr'>illis</span> <span class='ocrx_word' id='word_1_9' title='bbox 957 477 1198 555; x_wconf 86' lang='lat' dir='ltr'>scribit,</span> <span class='ocrx_word' id='word_1_10' title='bbox 1233 499 1313 542; x_wconf 91' lang='lat' dir='ltr'>eo</span> <span class='ocrx_word' id='word_1_11' title='bbox 1361 480 1542 562; x_wconf 89' lang='lat' dir='ltr'>quod</span> <span class='ocrx_word' id='word_1_12' title='bbox 1599 480 1748 563; x_wconf 90' lang='lat' dir='ltr'>ipsa</span> <span class='ocrx_word' id='word_1_13' title='bbox 1798 481 2101 545; x_wconf 72' lang='lat' dir='ltr'>otiositas</span> <span class='ocrx_word' id='word_1_14' title='bbox 2139 489 2206 545; x_wconf 91' lang='lat' dir='ltr'>et</span> <span class='ocrx_word' id='word_1_15' title='bbox 2252 498 2527 563; x_wconf 88' lang='lat' dir='ltr'>operum</span> <span class='ocrx_word' id='word_1_16' title='bbox 2578 479 2898 543; x_wconf 85' lang='lat' dir='ltr'>securitas</span> 
     </span>
     <span class='ocr_line' id='line_1_3' title="bbox 479 576 2897 664; baseline 0.002 -25"><span class='ocrx_word' id='word_1_17' title='bbox 479 576 766 642; x_wconf 86' lang='lat' dir='ltr'>faciebat</span> <span class='ocrx_word' id='word_1_18' title='bbox 795 599 911 642; x_wconf 91' lang='lat' dir='ltr'>eos</span> <span class='ocrx_word' id='word_1_19' title='bbox 941 580 1009 643; x_wconf 92' lang='lat' dir='ltr'>in</span> <span class='ocrx_word' id='word_1_20' title='bbox 1045 580 1207 645; x_wconf 91' lang='lat' dir='ltr'>nihil</span> <span class='ocrx_word' id='word_1_21' title='bbox 1239 582 1403 645; x_wconf 88' lang='lat' dir='ltr'>utile</span> <span class='ocrx_word' id='word_1_22' title='bbox 1441 583 1658 664; x_wconf 89' lang='lat' dir='ltr'>ipsam</span> <span class='ocrx_word' id='word_1_23' title='bbox 1702 582 1889 647; x_wconf 90' lang='lat' dir='ltr'>abuti</span> <span class='ocrx_word' id='word_1_24' title='bbox 1935 584 2363 647; x_wconf 88' lang='lat' dir='ltr'>otiositatem.</span> <span class='ocrx_word' id='word_1_25' title='bbox 2453 583 2701 646; x_wconf 90' lang='lat' dir='ltr'>etenim</span> <span class='ocrx_word' id='word_1_26' title='bbox 2733 582 2897 644; x_wconf 90' lang='lat' dir='ltr'>dum</span> 
     </span>
     <span class='ocr_line' id='line_1_4' title="bbox 480 679 2899 769; baseline 0.002 -27"><span class='ocrx_word' id='word_1_27' title='bbox 480 679 746 743; x_wconf 88' lang='lat' dir='ltr'>bonitas</span> <span class='ocrx_word' id='word_1_28' title='bbox 807 682 1086 746; x_wconf 89' lang='lat' dir='ltr'>aliorum</span> <span class='ocrx_word' id='word_1_29' title='bbox 1147 685 1291 747; x_wconf 87' lang='lat' dir='ltr'>sine</span> <span class='ocrx_word' id='word_1_30' title='bbox 1360 685 1773 749; x_wconf 89' lang='lat' dir='ltr'>discussione</span> <span class='ocrx_word' id='word_1_31' title='bbox 1826 688 2080 750; x_wconf 90' lang='lat' dir='ltr'>cunctis</span> <span class='ocrx_word' id='word_1_32' title='bbox 2142 686 2598 769; x_wconf 87' lang='lat' dir='ltr'>indigentibus</span> <span class='ocrx_word' id='word_1_33' title='bbox 2657 684 2899 748; x_wconf 88' lang='lat' dir='ltr'>solatia</span> 
     </span>
     <span class='ocr_line' id='line_1_5' title="bbox 481 786 2901 868; baseline 0.001 -19"><span class='ocrx_word' id='word_1_34' title='bbox 481 788 859 868; x_wconf 88' lang='lat' dir='ltr'>praebebat,</span> <span class='ocrx_word' id='word_1_35' title='bbox 915 796 1177 851; x_wconf 87' lang='lat' dir='ltr'>tantum</span> <span class='ocrx_word' id='word_1_36' title='bbox 1227 788 1282 851; x_wconf 92' lang='lat' dir='ltr'>si</span> <span class='ocrx_word' id='word_1_37' title='bbox 1316 789 1612 854; x_wconf 89' lang='lat' dir='ltr'>eiusdem</span> <span class='ocrx_word' id='word_1_38' title='bbox 1656 788 1811 853; x_wconf 90' lang='lat' dir='ltr'>fidei</span> <span class='ocrx_word' id='word_1_39' title='bbox 1854 809 2000 855; x_wconf 89' lang='lat' dir='ltr'>esse</span> <span class='ocrx_word' id='word_1_40' title='bbox 2040 789 2621 866; x_wconf 82' lang='lat' dir='ltr'>existimarentur3</span> <span class='ocrx_word' id='word_1_41' title='bbox 2666 786 2901 851; x_wconf 88' lang='lat' dir='ltr'>laudat</span> 
     </span>
     <span class='ocr_line' id='line_1_6' title="bbox 419 887 2900 974; baseline 0.001 -25"><span class='ocrx_word' id='word_1_42' title='bbox 419 887 752 969; x_wconf 75' lang='lat' dir='ltr'>squidem</span> <span class='ocrx_word' id='word_1_43' title='bbox 801 889 1108 971; x_wconf 86' lang='lat' dir='ltr'>primitus</span> <span class='ocrx_word' id='word_1_44' title='bbox 1161 888 1324 966; x_wconf 59' lang='lat' dir='ltr'>illos</span> <span class='ocrx_word' id='word_1_45' title='bbox 1380 892 1495 972; x_wconf 93' lang='lat' dir='ltr'>qui</span> <span class='ocrx_word' id='word_1_46' title='bbox 1544 890 1957 973; x_wconf 88' lang='lat' dir='ltr'>praebebant</span> <span class='ocrx_word' id='word_1_47' title='bbox 2012 891 2101 954; x_wconf 96' lang='lat' dir='ltr'>ob</span> <span class='ocrx_word' id='word_1_48' title='bbox 2150 891 2287 955; x_wconf 88' lang='lat' dir='ltr'>tale</span> <span class='ocrx_word' id='word_1_49' title='bbox 2339 892 2775 974; x_wconf 90' lang='lat' dir='ltr'>propositum,</span> <span class='ocrx_word' id='word_1_50' title='bbox 2830 897 2900 951; x_wconf 89' lang='lat' dir='ltr'>et</span> 
     </span>
     <span class='ocr_line' id='line_1_7' title="bbox 483 990 2898 1075; baseline 0 -23"><span class='ocrx_word' id='word_1_51' title='bbox 483 990 661 1071; x_wconf 91' lang='lat' dir='ltr'>quod</span> <span class='ocrx_word' id='word_1_52' title='bbox 711 991 1076 1054; x_wconf 88' lang='lat' dir='ltr'>necessarie</span> <span class='ocrx_word' id='word_1_53' title='bbox 1117 990 1279 1055; x_wconf 90' lang='lat' dir='ltr'>illud</span> <span class='ocrx_word' id='word_1_54' title='bbox 1323 991 1729 1075; x_wconf 85' lang='lat' dir='ltr'>explebant3</span> <span class='ocrx_word' id='word_1_55' title='bbox 1774 990 1972 1056; x_wconf 82' lang='lat' dir='ltr'>simul</span> <span class='ocrx_word' id='word_1_56' title='bbox 2020 992 2224 1056; x_wconf 88' lang='lat' dir='ltr'>etiarn</span> <span class='ocrx_word' id='word_1_57' title='bbox 2264 1002 2331 1056; x_wconf 89' lang='lat' dir='ltr'>et</span> <span class='ocrx_word' id='word_1_58' title='bbox 2372 992 2736 1055; x_wconf 90' lang='lat' dir='ltr'>conlaudat</span> <span class='ocrx_word' id='word_1_59' title='bbox 2765 1008 2898 1065; x_wconf 75' lang='lat' dir='ltr'>e03,</span> 
     </span>
     <span class='ocr_line' id='line_1_8' title="bbox 483 1093 2898 1178; baseline 0.002 -24"><span class='ocrx_word' id='word_1_60' title='bbox 483 1093 799 1174; x_wconf 91' lang='lat' dir='ltr'>quoniam</span> <span class='ocrx_word' id='word_1_61' title='bbox 850 1114 983 1156; x_wconf 92' lang='lat' dir='ltr'>non</span> <span class='ocrx_word' id='word_1_62' title='bbox 1031 1093 1246 1157; x_wconf 91' lang='lat' dir='ltr'>solum</span> <span class='ocrx_word' id='word_1_63' title='bbox 1296 1116 1456 1177; x_wconf 88' lang='lat' dir='ltr'>erga</span> <span class='ocrx_word' id='word_1_64' title='bbox 1503 1115 1679 1171; x_wconf 79' lang='lat' dir='ltr'>su03,</span> <span class='ocrx_word' id='word_1_65' title='bbox 1726 1094 1843 1158; x_wconf 90' lang='lat' dir='ltr'>sed</span> <span class='ocrx_word' id='word_1_66' title='bbox 1881 1106 1949 1159; x_wconf 90' lang='lat' dir='ltr'>et</span> <span class='ocrx_word' id='word_1_67' title='bbox 2000 1095 2168 1161; x_wconf 90' lang='lat' dir='ltr'>alios</span> <span class='ocrx_word' id='word_1_68' title='bbox 2212 1095 2458 1171; x_wconf 82' lang='lat' dir='ltr'>fideleS,</span> <span class='ocrx_word' id='word_1_69' title='bbox 2492 1097 2605 1178; x_wconf 94' lang='lat' dir='ltr'>qui</span> <span class='ocrx_word' id='word_1_70' title='bbox 2642 1097 2709 1159; x_wconf 88' lang='lat' dir='ltr'>in</span> <span class='ocrx_word' id='word_1_71' title='bbox 2752 1093 2898 1159; x_wconf 85' lang='lat' dir='ltr'>aliis</span> 
     </span>
     <span class='ocr_line' id='line_1_9' title="bbox 485 1195 2900 1273; baseline 0 -15"><span class='ocrx_word' id='word_1_72' title='bbox 485 1195 652 1262; x_wconf 85' lang='lat' dir='ltr'>locis</span> <span class='ocrx_word' id='word_1_73' title='bbox 693 1216 1106 1260; x_wconf 89' lang='lat' dir='ltr'>commorare</span> <span class='ocrx_word' id='word_1_74' title='bbox 1153 1197 1567 1273; x_wconf 90' lang='lat' dir='ltr'>uidebantur,</span> <span class='ocrx_word' id='word_1_75' title='bbox 1617 1197 1754 1261; x_wconf 88' lang='lat' dir='ltr'>tale</span> <span class='ocrx_word' id='word_1_76' title='bbox 1814 1197 2267 1262; x_wconf 90' lang='lat' dir='ltr'>adcelerarent</span> <span class='ocrx_word' id='word_1_77' title='bbox 2326 1199 2623 1261; x_wconf 88' lang='lat' dir='ltr'>studium</span> <span class='ocrx_word' id='word_1_78' title='bbox 2687 1198 2900 1260; x_wconf 89' lang='lat' dir='ltr'>adim-</span> 
     </span>
     <span class='ocr_line' id='line_1_10' title="bbox 484 1298 2903 1382; baseline 0 -21"><span class='ocrx_word' id='word_1_79' title='bbox 484 1299 680 1381; x_wconf 90' lang='lat' dir='ltr'>plere.</span> <span class='ocrx_word' id='word_1_80' title='bbox 768 1302 1108 1382; x_wconf 89' lang='lat' dir='ltr'>praecepit</span> <span class='ocrx_word' id='word_1_81' title='bbox 1139 1320 1298 1363; x_wconf 89' lang='lat' dir='ltr'>uero</span> <span class='ocrx_word' id='word_1_82' title='bbox 1338 1301 1573 1363; x_wconf 88' lang='lat' dir='ltr'>ceteris</span> <span class='ocrx_word' id='word_1_83' title='bbox 1615 1309 1692 1363; x_wconf 91' lang='lat' dir='ltr'>ut</span> <span class='ocrx_word' id='word_1_84' title='bbox 1726 1319 1861 1362; x_wconf 91' lang='lat' dir='ltr'>non</span> <span class='ocrx_word' id='word_1_85' title='bbox 1906 1300 2269 1363; x_wconf 87' lang='lat' dir='ltr'>abutantur</span> <span class='ocrx_word' id='word_1_86' title='bbox 2308 1299 2570 1364; x_wconf 88' lang='lat' dir='ltr'>illorum</span> <span class='ocrx_word' id='word_1_87' title='bbox 2614 1298 2903 1363; x_wconf 88' lang='lat' dir='ltr'>liberali-</span> 
     </span>
     <span class='ocr_line' id='line_1_11' title="bbox 380 1402 2900 1487; baseline 0.001 -25"><span class='ocrx_word' id='word_1_88' title='bbox 380 1414 460 1461; x_wconf 91' lang='lat'>10</span> <span class='ocrx_word' id='word_1_89' title='bbox 483 1410 694 1465; x_wconf 91' lang='lat' dir='ltr'>tatem</span> <span class='ocrx_word' id='word_1_90' title='bbox 727 1403 813 1466; x_wconf 90' lang='lat' dir='ltr'>ad</span> <span class='ocrx_word' id='word_1_91' title='bbox 847 1403 958 1466; x_wconf 88' lang='lat' dir='ltr'>illa</span> <span class='ocrx_word' id='word_1_92' title='bbox 990 1424 1161 1487; x_wconf 91' lang='lat' dir='ltr'>quae</span> <span class='ocrx_word' id='word_1_93' title='bbox 1193 1424 1326 1466; x_wconf 89' lang='lat' dir='ltr'>non</span> <span class='ocrx_word' id='word_1_94' title='bbox 1358 1403 1783 1479; x_wconf 85' lang='lat' dir='ltr'>conueniunt,</span> <span class='ocrx_word' id='word_1_95' title='bbox 1817 1402 1930 1485; x_wconf 92' lang='lat' dir='ltr'>qui</span> <span class='ocrx_word' id='word_1_96' title='bbox 1974 1423 2190 1485; x_wconf 89' lang='lat' dir='ltr'>neque</span> <span class='ocrx_word' id='word_1_97' title='bbox 2233 1402 2445 1466; x_wconf 92' lang='lat' dir='ltr'>ullum</span> <span class='ocrx_word' id='word_1_98' title='bbox 2484 1423 2653 1485; x_wconf 92' lang='lat' dir='ltr'>opus</span> <span class='ocrx_word' id='word_1_99' title='bbox 2684 1402 2900 1465; x_wconf 86' lang='lat' dir='ltr'>facere</span> 
     </span>
     <span class='ocr_line' id='line_1_12' title="bbox 485 1494 2903 1589; baseline 0.002 -22"><span class='ocrx_word' id='word_1_100' title='bbox 485 1504 802 1569; x_wconf 89' lang='lat' dir='ltr'>uolebant</span> <span class='ocrx_word' id='word_1_101' title='bbox 850 1516 918 1570; x_wconf 89' lang='lat' dir='ltr'>et</span> <span class='ocrx_word' id='word_1_102' title='bbox 961 1494 1301 1569; x_wconf 82' lang='lat' dir='ltr'>otiositate</span> <span class='ocrx_word' id='word_1_103' title='bbox 1346 1505 1490 1589; x_wconf 91' lang='lat' dir='ltr'>ipsa</span> <span class='ocrx_word' id='word_1_104' title='bbox 1537 1507 1622 1569; x_wconf 92' lang='lat' dir='ltr'>ad</span> <span class='ocrx_word' id='word_1_105' title='bbox 1672 1507 1785 1570; x_wconf 90' lang='lat' dir='ltr'>illa</span> <span class='ocrx_word' id='word_1_106' title='bbox 1829 1527 2003 1589; x_wconf 92' lang='lat' dir='ltr'>quae</span> <span class='ocrx_word' id='word_1_107' title='bbox 2048 1525 2184 1569; x_wconf 91' lang='lat' dir='ltr'>non</span> <span class='ocrx_word' id='word_1_108' title='bbox 2226 1508 2717 1572; x_wconf 87' lang='lat' dir='ltr'>conueniebant</span> <span class='ocrx_word' id='word_1_109' title='bbox 2757 1526 2903 1571; x_wconf 89' lang='lat' dir='ltr'>sese</span> 
     </span>
     <span class='ocr_line' id='line_1_13' title="bbox 484 1608 2905 1693; baseline 0.002 -24"><span class='ocrx_word' id='word_1_110' title='bbox 484 1627 793 1671; x_wconf 87' lang='lat' dir='ltr'>exercere</span> <span class='ocrx_word' id='word_1_111' title='bbox 821 1609 1286 1691; x_wconf 84' lang='lat' dir='ltr'>properabant.</span> <span class='ocrx_word' id='word_1_112' title='bbox 1332 1616 1348 1641; x_wconf 92' lang='lat'>‘</span> <span class='ocrx_word' id='word_1_113' title='bbox 1367 1608 1537 1673; x_wconf 90' lang='lat' dir='ltr'>sicut</span> <span class='ocrx_word' id='word_1_114' title='bbox 1569 1610 1747 1672; x_wconf 90' lang='lat' dir='ltr'>enim</span> <span class='ocrx_word' id='word_1_115' title='bbox 1774 1609 2122 1673; x_wconf 88' lang='lat' dir='ltr'>laudamus</span> <span class='ocrx_word' id='word_1_116' title='bbox 2146 1609 2293 1673; x_wconf 87' lang='lat' dir='ltr'>illos</span> <span class='ocrx_word' id='word_1_117' title='bbox 2317 1611 2430 1693; x_wconf 91' lang='lat' dir='ltr'>qui</span> <span class='ocrx_word' id='word_1_118' title='bbox 2454 1611 2905 1693; x_wconf 88' lang='lat' dir='ltr'>indigentibus</span> 
     </span>
     <span class='ocr_line' id='line_1_14' title="bbox 487 1709 2899 1794; baseline 0.002 -23"><span class='ocrx_word' id='word_1_119' title='bbox 487 1709 864 1774; x_wconf 89' lang='lat' dir='ltr'>ministrant</span> <span class='ocrx_word' id='word_1_120' title='bbox 895 1722 962 1775; x_wconf 90' lang='lat' dir='ltr'>et</span> <span class='ocrx_word' id='word_1_121' title='bbox 993 1712 1126 1776; x_wconf 92' lang='lat' dir='ltr'>tale</span> <span class='ocrx_word' id='word_1_122' title='bbox 1157 1713 1573 1794; x_wconf 88' lang='lat' dir='ltr'>propositum</span> <span class='ocrx_word' id='word_1_123' title='bbox 1607 1732 1764 1793; x_wconf 90' lang='lat' dir='ltr'>erga</span> <span class='ocrx_word' id='word_1_124' title='bbox 1796 1711 2025 1775; x_wconf 87' lang='lat' dir='ltr'>fideles</span> <span class='ocrx_word' id='word_1_125' title='bbox 2062 1710 2295 1776; x_wconf 88' lang='lat' dir='ltr'>fratres</span> <span class='ocrx_word' id='word_1_126' title='bbox 2328 1733 2483 1777; x_wconf 89' lang='lat' dir='ltr'>suos</span> <span class='ocrx_word' id='word_1_127' title='bbox 2516 1713 2899 1791; x_wconf 89' lang='lat' dir='ltr'>ostendunt,</span> 
     </span>
     <span class='ocr_line' id='line_1_15' title="bbox 485 1815 2903 1899; baseline 0.001 -22"><span class='ocrx_word' id='word_1_128' title='bbox 485 1815 579 1877; x_wconf 89' lang='lat' dir='ltr'>sic</span> <span class='ocrx_word' id='word_1_129' title='bbox 630 1824 698 1878; x_wconf 90' lang='lat' dir='ltr'>et</span> <span class='ocrx_word' id='word_1_130' title='bbox 745 1825 999 1879; x_wconf 88' lang='lat' dir='ltr'>ceteros</span> <span class='ocrx_word' id='word_1_131' title='bbox 1052 1816 1359 1879; x_wconf 91' lang='lat' dir='ltr'>uolumus</span> <span class='ocrx_word' id='word_1_132' title='bbox 1411 1818 1688 1899; x_wconf 91' lang='lat' dir='ltr'>adsequi</span> <span class='ocrx_word' id='word_1_133' title='bbox 1731 1817 2214 1880; x_wconf 90' lang='lat' dir='ltr'>incrementum</span> <span class='ocrx_word' id='word_1_134' title='bbox 2261 1823 2335 1879; x_wconf 91' lang='lat' dir='ltr'>ut</span> <span class='ocrx_word' id='word_1_135' title='bbox 2380 1816 2588 1899; x_wconf 88' lang='lat' dir='ltr'>quieti</span> <span class='ocrx_word' id='word_1_136' title='bbox 2633 1816 2785 1892; x_wconf 91' lang='lat' dir='ltr'>sint,</span> <span class='ocrx_word' id='word_1_137' title='bbox 2834 1824 2903 1879; x_wconf 89' lang='lat' dir='ltr'>et</span> 
     </span>
     <span class='ocr_line' id='line_1_16' title="bbox 383 1916 2906 2001; baseline 0.001 -25"><span class='ocrx_word' id='word_1_138' title='bbox 383 1925 454 1993; x_wconf 85' lang='lat'>15</span> <span class='ocrx_word' id='word_1_139' title='bbox 487 1916 600 1978; x_wconf 87' lang='lat' dir='ltr'>illa</span> <span class='ocrx_word' id='word_1_140' title='bbox 639 1936 811 1998; x_wconf 91' lang='lat' dir='ltr'>quae</span> <span class='ocrx_word' id='word_1_141' title='bbox 846 1938 966 1980; x_wconf 90' lang='lat' dir='ltr'>sua</span> <span class='ocrx_word' id='word_1_142' title='bbox 1007 1926 1162 1982; x_wconf 91' lang='lat' dir='ltr'>sunt</span> <span class='ocrx_word' id='word_1_143' title='bbox 1214 1928 1436 2001; x_wconf 88' lang='lat' dir='ltr'>agant,</span> <span class='ocrx_word' id='word_1_144' title='bbox 1474 1919 1902 2000; x_wconf 88' lang='lat' dir='ltr'>operantibus</span> <span class='ocrx_word' id='word_1_145' title='bbox 1951 1918 2258 1981; x_wconf 89' lang='lat' dir='ltr'>manibus</span> <span class='ocrx_word' id='word_1_146' title='bbox 2309 1919 2444 1981; x_wconf 90' lang='lat' dir='ltr'>suis</span> <span class='ocrx_word' id='word_1_147' title='bbox 2468 1938 2484 1995; x_wconf 82' lang='lat'>3</span> <span class='ocrx_word' id='word_1_148' title='bbox 2530 1939 2619 1981; x_wconf 89' lang='lat' dir='ltr'>ex</span> <span class='ocrx_word' id='word_1_149' title='bbox 2665 1917 2906 2001; x_wconf 90' lang='lat' dir='ltr'>quibus</span> 
     </span>
     <span class='ocr_line' id='line_1_17' title="bbox 485 2018 2903 2104; baseline 0 -24"><span class='ocrx_word' id='word_1_150' title='bbox 485 2018 799 2101; x_wconf 88' lang='lat' dir='ltr'>possibile</span> <span class='ocrx_word' id='word_1_151' title='bbox 838 2021 924 2083; x_wconf 90' lang='lat' dir='ltr'>sit</span> <span class='ocrx_word' id='word_1_152' title='bbox 961 2039 1074 2082; x_wconf 89' lang='lat' dir='ltr'>eos</span> <span class='ocrx_word' id='word_1_153' title='bbox 1115 2041 1247 2083; x_wconf 91' lang='lat' dir='ltr'>non</span> <span class='ocrx_word' id='word_1_154' title='bbox 1291 2021 1586 2103; x_wconf 89' lang='lat' dir='ltr'>indigere</span> <span class='ocrx_word' id='word_1_155' title='bbox 1626 2020 1896 2086; x_wconf 87' lang='lat' dir='ltr'>alterius</span> <span class='ocrx_word' id='word_1_156' title='bbox 1938 2021 2265 2099; x_wconf 88' lang='lat' dir='ltr'>solatium,</span> <span class='ocrx_word' id='word_1_157' title='bbox 2302 2031 2369 2085; x_wconf 93' lang='lat' dir='ltr'>et</span> <span class='ocrx_word' id='word_1_158' title='bbox 2410 2022 2588 2104; x_wconf 91' lang='lat' dir='ltr'>apud</span> <span class='ocrx_word' id='word_1_159' title='bbox 2634 2029 2903 2083; x_wconf 84' lang='lat' dir='ltr'>exteros</span> 
     </span>
     <span class='ocr_line' id='line_1_18' title="bbox 487 2122 2909 2207; baseline -0 -21"><span class='ocrx_word' id='word_1_160' title='bbox 487 2124 763 2187; x_wconf 89' lang='lat' dir='ltr'>minime</span> <span class='ocrx_word' id='word_1_161' title='bbox 792 2122 1108 2187; x_wconf 85' lang='lat' dir='ltr'>confundi</span> <span class='ocrx_word' id='word_1_162' title='bbox 1157 2144 1279 2206; x_wconf 94' lang='lat' dir='ltr'>pro</span> <span class='ocrx_word' id='word_1_163' title='bbox 1325 2145 1526 2207; x_wconf 89' lang='lat' dir='ltr'>opere</span> <span class='ocrx_word' id='word_1_164' title='bbox 1568 2124 1966 2188; x_wconf 88' lang='lat' dir='ltr'>indecente.&#39;</span> <span class='ocrx_word' id='word_1_165' title='bbox 2058 2133 2126 2188; x_wconf 90' lang='lat' dir='ltr'>et</span> <span class='ocrx_word' id='word_1_166' title='bbox 2167 2123 2394 2187; x_wconf 93' lang='lat' dir='ltr'>hocin</span> <span class='ocrx_word' id='word_1_167' title='bbox 2428 2123 2575 2187; x_wconf 94' lang='lat' dir='ltr'>loco</span> <span class='ocrx_word' id='word_1_168' title='bbox 2602 2122 2909 2186; x_wconf 90' lang='lat' dir='ltr'>similiter</span> 
     </span>
     <span class='ocr_line' id='line_1_19' title="bbox 487 2226 2903 2312; baseline -0.001 -21"><span class='ocrx_word' id='word_1_169' title='bbox 487 2227 730 2291; x_wconf 87' lang='lat' dir='ltr'>adicit:</span> <span class='ocrx_word' id='word_1_170' title='bbox 783 2226 952 2291; x_wconf 79' lang='lat' dir='ltr'>sicut</span> <span class='ocrx_word' id='word_1_171' title='bbox 978 2227 1420 2309; x_wconf 83' lang='lat' dir='ltr'>praecepimus</span> <span class='ocrx_word' id='word_1_172' title='bbox 1470 2228 1665 2304; x_wconf 83' lang='lat' dir='ltr'>uobis,</span> <span class='ocrx_word' id='word_1_173' title='bbox 1722 2236 1791 2292; x_wconf 90' lang='lat' dir='ltr'>et</span> <span class='ocrx_word' id='word_1_174' title='bbox 1838 2229 2110 2312; x_wconf 89' lang='lat' dir='ltr'>reliqua,</span> <span class='ocrx_word' id='word_1_175' title='bbox 2159 2228 2521 2292; x_wconf 88' lang='lat' dir='ltr'>ostendens</span> <span class='ocrx_word' id='word_1_176' title='bbox 2585 2227 2903 2310; x_wconf 88' lang='lat' dir='ltr'>quoniam</span> 
     </span>
    </p>
   </div>
   <div class='ocr_carea' id='block_1_3' title="bbox 3238 1044 3247 1889">
    <p class='ocr_par' dir='ltr' id='par_1_3' title="bbox 3238 1044 3247 1889">
     <span class='ocr_line' id='line_1_20' title="bbox 3238 1044 3247 1889; baseline 0 0"><span class='ocrx_word' id='word_1_177' title='bbox 3238 1044 3247 1889; x_wconf 95' lang='lat' dir='ltr'> </span> 
     </span>
    </p>
   </div>
   <div class='ocr_carea' id='block_1_4' title="bbox 487 2328 3011 2395">
    <p class='ocr_par' dir='ltr' id='par_1_4' title="bbox 487 2328 3011 2395">
     <span class='ocr_line' id='line_1_21' title="bbox 487 2328 3011 2395; baseline -0.001 -2"><span class='ocrx_word' id='word_1_178' title='bbox 487 2350 611 2393; x_wconf 88' lang='lat' dir='ltr'>nec</span> <span class='ocrx_word' id='word_1_179' title='bbox 658 2328 785 2393; x_wconf 91' lang='lat' dir='ltr'>hoc</span> <span class='ocrx_word' id='word_1_180' title='bbox 827 2349 1075 2394; x_wconf 90' lang='lat' dir='ltr'>nouum</span> <span class='ocrx_word' id='word_1_181' title='bbox 1128 2329 1256 2392; x_wconf 93' lang='lat' dir='ltr'>illis</span> <span class='ocrx_word' id='word_1_182' title='bbox 1305 2328 1482 2394; x_wconf 84' lang='lat' dir='ltr'>nunc</span> <span class='ocrx_word' id='word_1_183' title='bbox 1525 2330 1777 2395; x_wconf 88' lang='lat' dir='ltr'>indicit.</span> <span class='ocrx_word' id='word_1_184' title='bbox 1868 2333 2105 2395; x_wconf 89' lang='lat' dir='ltr'>transit</span> <span class='ocrx_word' id='word_1_185' title='bbox 2154 2352 2313 2395; x_wconf 90' lang='lat' dir='ltr'>uero</span> <span class='ocrx_word' id='word_1_186' title='bbox 2354 2331 2627 2395; x_wconf 88' lang='lat' dir='ltr'>ulterius</span> <span class='ocrx_word' id='word_1_187' title='bbox 2674 2331 2759 2393; x_wconf 95' lang='lat' dir='ltr'>ad</span> <span class='ocrx_word' id='word_1_188' title='bbox 2792 2330 2907 2394; x_wconf 90' lang='lat' dir='ltr'>illa</span> <span class='ocrx_word' id='word_1_189' title='bbox 3002 2383 3011 2390; x_wconf 92' lang='lat'>.</span> 
     </span>
    </p>
   </div>
   <div class='ocr_carea' id='block_1_5' title="bbox 379 2430 2908 2618">
    <p class='ocr_par' dir='ltr' id='par_1_5' title="bbox 379 2430 2908 2618">
     <span class='ocr_line' id='line_1_22' title="bbox 379 2430 2907 2513; baseline 0.001 -21"><span class='ocrx_word' id='word_1_190' title='bbox 379 2444 466 2493; x_wconf 91' lang='lat'>20</span> <span class='ocrx_word' id='word_1_191' title='bbox 489 2450 660 2513; x_wconf 89' lang='lat' dir='ltr'>quae</span> <span class='ocrx_word' id='word_1_192' title='bbox 699 2430 830 2493; x_wconf 89' lang='lat' dir='ltr'>dici</span> <span class='ocrx_word' id='word_1_193' title='bbox 868 2430 1374 2507; x_wconf 89' lang='lat' dir='ltr'>conueniebant,</span> <span class='ocrx_word' id='word_1_194' title='bbox 1415 2432 1706 2495; x_wconf 88' lang='lat' dir='ltr'>suadens</span> <span class='ocrx_word' id='word_1_195' title='bbox 1748 2441 1825 2496; x_wconf 91' lang='lat' dir='ltr'>ut</span> <span class='ocrx_word' id='word_1_196' title='bbox 1862 2454 1996 2496; x_wconf 89' lang='lat' dir='ltr'>non</span> <span class='ocrx_word' id='word_1_197' title='bbox 2037 2432 2389 2496; x_wconf 90' lang='lat' dir='ltr'>inhoneste</span> <span class='ocrx_word' id='word_1_198' title='bbox 2432 2431 2648 2497; x_wconf 87' lang='lat' dir='ltr'>serant</span> <span class='ocrx_word' id='word_1_199' title='bbox 2687 2433 2773 2497; x_wconf 90' lang='lat' dir='ltr'>de</span> <span class='ocrx_word' id='word_1_200' title='bbox 2801 2432 2907 2496; x_wconf 89' lang='lat' dir='ltr'>his</span> 
     </span>
     <span class='ocr_line' id='line_1_23' title="bbox 489 2533 2908 2618; baseline 0.002 -23"><span class='ocrx_word' id='word_1_201' title='bbox 489 2534 605 2617; x_wconf 90' lang='lat' dir='ltr'>qui</span> <span class='ocrx_word' id='word_1_202' title='bbox 651 2534 739 2596; x_wconf 90' lang='lat' dir='ltr'>ab</span> <span class='ocrx_word' id='word_1_203' title='bbox 782 2533 907 2597; x_wconf 91' lang='lat' dir='ltr'>hac</span> <span class='ocrx_word' id='word_1_204' title='bbox 954 2535 1096 2598; x_wconf 90' lang='lat' dir='ltr'>uita</span> <span class='ocrx_word' id='word_1_205' title='bbox 1140 2537 1518 2612; x_wconf 83' lang='lat' dir='ltr'>excedunt3</span> <span class='ocrx_word' id='word_1_206' title='bbox 1565 2537 2003 2618; x_wconf 88' lang='lat' dir='ltr'>quamobrem</span> <span class='ocrx_word' id='word_1_207' title='bbox 2042 2547 2113 2601; x_wconf 89' lang='lat' dir='ltr'>et</span> <span class='ocrx_word' id='word_1_208' title='bbox 2162 2539 2247 2601; x_wconf 88' lang='lat' dir='ltr'>de</span> <span class='ocrx_word' id='word_1_209' title='bbox 2290 2537 2510 2601; x_wconf 88' lang='lat' dir='ltr'>futuro</span> <span class='ocrx_word' id='word_1_210' title='bbox 2552 2546 2731 2601; x_wconf 87' lang='lat' dir='ltr'>statu</span> <span class='ocrx_word' id='word_1_211' title='bbox 2780 2537 2908 2600; x_wconf 90' lang='lat' dir='ltr'>illis</span> 
     </span>
    </p>
   </div>
   <div class='ocr_carea' id='block_1_6' title="bbox 489 2638 2911 2824">
    <p class='ocr_par' dir='ltr' id='par_1_6' title="bbox 489 2638 2911 2824">
     <span class='ocr_line' id='line_1_24' title="bbox 491 2638 2908 2723; baseline 0.001 -22"><span class='ocrx_word' id='word_1_212' title='bbox 491 2639 806 2720; x_wconf 89' lang='lat' dir='ltr'>disputat,</span> <span class='ocrx_word' id='word_1_213' title='bbox 849 2647 916 2701; x_wconf 88' lang='lat' dir='ltr'>et</span> <span class='ocrx_word' id='word_1_214' title='bbox 954 2638 1236 2720; x_wconf 91' lang='lat' dir='ltr'>gloriam</span> <span class='ocrx_word' id='word_1_215' title='bbox 1276 2638 1458 2702; x_wconf 89' lang='lat' dir='ltr'>illam</span> <span class='ocrx_word' id='word_1_216' title='bbox 1506 2660 1679 2722; x_wconf 88' lang='lat' dir='ltr'>quae</span> <span class='ocrx_word' id='word_1_217' title='bbox 1710 2660 1867 2722; x_wconf 86' lang='lat' dir='ltr'>erga</span> <span class='ocrx_word' id='word_1_218' title='bbox 1908 2649 2178 2703; x_wconf 90' lang='lat' dir='ltr'>sanctos</span> <span class='ocrx_word' id='word_1_219' title='bbox 2223 2650 2382 2704; x_wconf 90' lang='lat' dir='ltr'>tunc</span> <span class='ocrx_word' id='word_1_220' title='bbox 2425 2640 2548 2703; x_wconf 89' lang='lat' dir='ltr'>erit</span> <span class='ocrx_word' id='word_1_221' title='bbox 2596 2641 2908 2723; x_wconf 87' lang='lat' dir='ltr'>explicat,</span> 
     </span>
     <span class='ocr_line' id='line_1_25' title="bbox 489 2740 2911 2824; baseline 0.002 -20"><span class='ocrx_word' id='word_1_222' title='bbox 489 2750 559 2804; x_wconf 88' lang='lat' dir='ltr'>et</span> <span class='ocrx_word' id='word_1_223' title='bbox 583 2740 671 2802; x_wconf 95' lang='lat' dir='ltr'>ob</span> <span class='ocrx_word' id='word_1_224' title='bbox 703 2741 1166 2804; x_wconf 87' lang='lat' dir='ltr'>necessitatem</span> <span class='ocrx_word' id='word_1_225' title='bbox 1198 2741 1542 2805; x_wconf 85' lang='lat' dir='ltr'>doctrinae</span> <span class='ocrx_word' id='word_1_226' title='bbox 1573 2741 1687 2805; x_wconf 89' lang='lat' dir='ltr'>illa</span> <span class='ocrx_word' id='word_1_227' title='bbox 1712 2762 1885 2824; x_wconf 88' lang='lat' dir='ltr'>quae</span> <span class='ocrx_word' id='word_1_228' title='bbox 1918 2751 2299 2824; x_wconf 89' lang='lat' dir='ltr'>competere</span> <span class='ocrx_word' id='word_1_229' title='bbox 2322 2743 2449 2805; x_wconf 91' lang='lat' dir='ltr'>sibi</span> <span class='ocrx_word' id='word_1_230' title='bbox 2476 2743 2911 2808; x_wconf 88' lang='lat' dir='ltr'>existimabat</span> 
     </span>
    </p>
   </div>
   <div class='ocr_carea' id='block_1_7' title="bbox 491 2845 2911 2929">
    <p class='ocr_par' dir='ltr' id='par_1_7' title="bbox 491 2845 2911 2929">
     <span class='ocr_line' id='line_1_26' title="bbox 491 2845 2911 2929; baseline 0.002 -22"><span class='ocrx_word' id='word_1_231' title='bbox 491 2845 579 2908; x_wconf 90' lang='lat' dir='ltr'>ad</span> <span class='ocrx_word' id='word_1_232' title='bbox 640 2865 952 2928; x_wconf 86' lang='lat' dir='ltr'>praesens</span> <span class='ocrx_word' id='word_1_233' title='bbox 1012 2855 1478 2928; x_wconf 91' lang='lat' dir='ltr'>argumentum</span> <span class='ocrx_word' id='word_1_234' title='bbox 1554 2856 1833 2911; x_wconf 89' lang='lat' dir='ltr'>enarrat.</span> <span class='ocrx_word' id='word_1_235' title='bbox 1924 2865 2081 2910; x_wconf 91' lang='lat' dir='ltr'>nam</span> <span class='ocrx_word' id='word_1_236' title='bbox 2147 2847 2213 2909; x_wconf 91' lang='lat' dir='ltr'>in</span> <span class='ocrx_word' id='word_1_237' title='bbox 2275 2855 2603 2929; x_wconf 88' lang='lat' dir='ltr'>quantum</span> <span class='ocrx_word' id='word_1_238' title='bbox 2663 2866 2911 2929; x_wconf 86' lang='lat' dir='ltr'>magna</span> 
     </span>
    </p>
   </div>
   <div class='ocr_carea' id='block_1_8' title="bbox 493 3007 2921 3320">
    <p class='ocr_par' dir='ltr' id='par_1_8' title="bbox 592 3007 2921 3076">
     <span class='ocr_line' id='line_1_27' title="bbox 592 3007 2921 3076; baseline -0 -16"><span class='ocrx_word' id='word_1_239' title='bbox 592 3027 621 3061; x_wconf 72' lang='grc' dir='ltr'>α</span> <span class='ocrx_word' id='word_1_240' title='bbox 657 3011 782 3076; x_wconf 86' lang='lat' dir='ltr'>ipsa,</span> <span class='ocrx_word' id='word_1_241' title='bbox 816 3010 1076 3060; x_wconf 84' lang='lat' dir='ltr'>ociositate</span> <span class='ocrx_word' id='word_1_242' title='bbox 1115 3011 1160 3060; x_wconf 90' lang='lat' dir='ltr'><em>C</em></span> <span class='ocrx_word' id='word_1_243' title='bbox 1190 3011 1338 3072; x_wconf 77' lang='lat' dir='ltr'>(corr)</span> <span class='ocrx_word' id='word_1_244' title='bbox 1363 3010 1432 3060; x_wconf 99' lang='grc' dir='ltr'><em>Η</em></span> <span class='ocrx_word' id='word_1_245' title='bbox 1451 3007 1464 3067; x_wconf 82' lang='lat' dir='ltr'>l</span> <span class='ocrx_word' id='word_1_246' title='bbox 1485 3011 1664 3060; x_wconf 87' lang='lat' dir='ltr'>imbuti</span> <span class='ocrx_word' id='word_1_247' title='bbox 1698 3011 1767 3061; x_wconf 99' lang='grc' dir='ltr'><em>Η</em></span> <span class='ocrx_word' id='word_1_248' title='bbox 1997 3024 2024 3075; x_wconf 85' lang='lat'><strong>5</strong></span> <span class='ocrx_word' id='word_1_249' title='bbox 2060 3011 2129 3060; x_wconf 94' lang='lat' dir='ltr'>ob</span> <span class='ocrx_word' id='word_1_250' title='bbox 2150 3011 2239 3060; x_wconf 86' lang='lat' dir='ltr'>tali</span> <span class='ocrx_word' id='word_1_251' title='bbox 2263 3012 2518 3075; x_wconf 84' lang='lat' dir='ltr'>propositu</span> <span class='ocrx_word' id='word_1_252' title='bbox 2544 3009 2617 3074; x_wconf 89' lang='lat' dir='ltr'>(·o</span> <span class='ocrx_word' id='word_1_253' title='bbox 2638 3008 2727 3074; x_wconf 83' lang='lat' dir='ltr'>H)</span> <span class='ocrx_word' id='word_1_254' title='bbox 2757 3008 2834 3059; x_wconf 76' lang='lat' dir='ltr'>C*</span> <span class='ocrx_word' id='word_1_255' title='bbox 2853 3010 2921 3059; x_wconf 86' lang='grc' dir='ltr'><em>Η</em></span> 
     </span>
    </p>

    <p class='ocr_par' dir='ltr' id='par_1_9' title="bbox 493 3087 2910 3240">
     <span class='ocr_line' id='line_1_28' title="bbox 493 3087 2910 3157; baseline -0.002 -14"><span class='ocrx_word' id='word_1_256' title='bbox 493 3092 527 3143; x_wconf 90' lang='lat'><strong>6</strong></span> <span class='ocrx_word' id='word_1_257' title='bbox 557 3092 834 3142; x_wconf 83' lang='lat' dir='ltr'>necessario</span> <span class='ocrx_word' id='word_1_258' title='bbox 857 3109 889 3142; x_wconf 86' lang='lat' dir='ltr'>r</span> <span class='ocrx_word' id='word_1_259' title='bbox 1154 3100 1181 3153; x_wconf 85' lang='grc'><strong>7</strong></span> <span class='ocrx_word' id='word_1_260' title='bbox 1216 3107 1334 3156; x_wconf 87' lang='lat' dir='ltr'>erga</span> <span class='ocrx_word' id='word_1_261' title='bbox 1358 3091 1463 3157; x_wconf 66' lang='lat' dir='ltr'>(bes</span> <span class='ocrx_word' id='word_1_262' title='bbox 1469 3090 1612 3156; x_wconf 89' lang='lat' dir='ltr'>alios)</span> <span class='ocrx_word' id='word_1_263' title='bbox 1636 3093 1741 3140; x_wconf 83' lang='lat' dir='ltr'>add</span> <span class='ocrx_word' id='word_1_264' title='bbox 1762 3092 1805 3141; x_wconf 88' lang='lat' dir='ltr'><em>C</em></span> <span class='ocrx_word' id='word_1_265' title='bbox 1826 3091 1971 3153; x_wconf 75' lang='lat' dir='ltr'>(cm)</span> <span class='ocrx_word' id='word_1_266' title='bbox 2228 3094 2258 3142; x_wconf 91' lang='lat'>8</span> <span class='ocrx_word' id='word_1_267' title='bbox 2291 3091 2670 3141; x_wconf 84' lang='lat' dir='ltr'>commemorari</span> <span class='ocrx_word' id='word_1_268' title='bbox 2698 3091 2742 3140; x_wconf 89' lang='lat' dir='ltr'><em>C</em></span> <span class='ocrx_word' id='word_1_269' title='bbox 2762 3087 2910 3155; x_wconf 83' lang='lat' dir='ltr'>(corr)</span> 
     </span>
     <span class='ocr_line' id='line_1_29' title="bbox 521 3172 2905 3240; baseline -0.001 -16"><span class='ocrx_word' id='word_1_270' title='bbox 521 3174 530 3239; x_wconf 90' lang='grc' dir='ltr'>Ι</span> <span class='ocrx_word' id='word_1_271' title='bbox 559 3174 834 3224; x_wconf 79' lang='lat' dir='ltr'>accelerare</span> <span class='ocrx_word' id='word_1_272' title='bbox 856 3189 888 3223; x_wconf 86' lang='lat' dir='ltr'>r</span> <span class='ocrx_word' id='word_1_273' title='bbox 1113 3189 1144 3240; x_wconf 91' lang='lat'>9</span> <span class='ocrx_word' id='word_1_274' title='bbox 1178 3189 1298 3238; x_wconf 89' lang='lat' dir='ltr'>ergo</span> <span class='ocrx_word' id='word_1_275' title='bbox 1323 3172 1438 3238; x_wconf 78' lang='lat' dir='ltr'>(fhr</span> <span class='ocrx_word' id='word_1_276' title='bbox 1457 3175 1596 3234; x_wconf 88' lang='lat' dir='ltr'>uero)</span> <span class='ocrx_word' id='word_1_277' title='bbox 1621 3191 1654 3223; x_wconf 85' lang='lat' dir='ltr'>r</span> <span class='ocrx_word' id='word_1_278' title='bbox 1679 3172 1688 3239; x_wconf 93' lang='grc' dir='ltr'>Ι</span> <span class='ocrx_word' id='word_1_279' title='bbox 1718 3174 2017 3224; x_wconf 85' lang='lat' dir='ltr'>liberalitate</span> <span class='ocrx_word' id='word_1_280' title='bbox 2044 3175 2091 3224; x_wconf 87' lang='lat' dir='ltr'><em>C</em></span> <span class='ocrx_word' id='word_1_281' title='bbox 2108 3173 2255 3235; x_wconf 77' lang='lat' dir='ltr'>(corr)</span> <span class='ocrx_word' id='word_1_282' title='bbox 2322 3172 2552 3223; x_wconf 79' lang='lat' dir='ltr'>libertate</span> <span class='ocrx_word' id='word_1_283' title='bbox 2572 3187 2607 3222; x_wconf 80' lang='lat' dir='ltr'>r</span> <span class='ocrx_word' id='word_1_284' title='bbox 2852 3186 2871 3221; x_wconf 88' lang='lat'>1</span> <span class='ocrx_word' id='word_1_285' title='bbox 2884 3186 2905 3221; x_wconf 76' lang='grc' dir='ltr'>ι</span> 
     </span>
    </p>

    <p class='ocr_par' dir='ltr' id='par_1_10' title="bbox 495 3252 2911 3320">
     <span class='ocr_line' id='line_1_30' title="bbox 495 3252 2911 3320; baseline -0.003 -12"><span class='ocrx_word' id='word_1_286' title='bbox 495 3256 826 3308; x_wconf 85' lang='lat' dir='ltr'>conueniebat</span> <span class='ocrx_word' id='word_1_287' title='bbox 853 3255 932 3306; x_wconf 75' lang='lat' dir='ltr'>C*</span> <span class='ocrx_word' id='word_1_288' title='bbox 1167 3255 1226 3306; x_wconf 89' lang='lat'>16</span> <span class='ocrx_word' id='word_1_289' title='bbox 1273 3255 1453 3306; x_wconf 79' lang='lat' dir='ltr'>solatio</span> <span class='ocrx_word' id='word_1_290' title='bbox 1479 3255 1558 3306; x_wconf 75' lang='lat' dir='ltr'>C*</span> <span class='ocrx_word' id='word_1_291' title='bbox 1577 3271 1616 3305; x_wconf 76' lang='lat' dir='ltr'>r</span> <span class='ocrx_word' id='word_1_292' title='bbox 1860 3267 1917 3320; x_wconf 83' lang='lat'>17</span> <span class='ocrx_word' id='word_1_293' title='bbox 1952 3255 2205 3306; x_wconf 86' lang='lat' dir='ltr'>indicente</span> <span class='ocrx_word' id='word_1_294' title='bbox 2232 3252 2310 3304; x_wconf 77' lang='lat' dir='ltr'>C*</span> <span class='ocrx_word' id='word_1_295' title='bbox 2334 3255 2403 3304; x_wconf 80' lang='lat' dir='ltr'><em>H</em></span> <span class='ocrx_word' id='word_1_296' title='bbox 2413 3271 2448 3303; x_wconf 85' lang='lat' dir='ltr'>r</span> <span class='ocrx_word' id='word_1_297' title='bbox 2676 3253 2736 3302; x_wconf 85' lang='lat'>18</span> <span class='ocrx_word' id='word_1_298' title='bbox 2770 3267 2911 3318; x_wconf 79' lang='lat' dir='ltr'>prae-</span> 
     </span>
    </p>
   </div>
   <div class='ocr_carea' id='block_1_9' title="bbox 496 3336 1371 3405">
    <p class='ocr_par' dir='ltr' id='par_1_11' title="bbox 496 3336 1371 3405">
     <span class='ocr_line' id='line_1_31' title="bbox 496 3336 1371 3405; baseline -0.006 -16"><span class='ocrx_word' id='word_1_299' title='bbox 496 3339 708 3405; x_wconf 85' lang='lat' dir='ltr'>cipimus</span> <span class='ocrx_word' id='word_1_300' title='bbox 729 3339 797 3388; x_wconf 86' lang='lat' dir='ltr'><em>H</em></span> <span class='ocrx_word' id='word_1_301' title='bbox 817 3336 826 3403; x_wconf 86' lang='grc' dir='ltr'>Ι</span> <span class='ocrx_word' id='word_1_302' title='bbox 853 3346 903 3389; x_wconf 87' lang='lat' dir='ltr'>et</span> <span class='ocrx_word' id='word_1_303' title='bbox 925 3353 970 3388; x_wconf 84' lang='lat' dir='ltr'>c.</span> <span class='ocrx_word' id='word_1_304' title='bbox 997 3337 1112 3402; x_wconf 87' lang='lat' dir='ltr'>(sor</span> <span class='ocrx_word' id='word_1_305' title='bbox 1132 3345 1181 3388; x_wconf 84' lang='lat' dir='ltr'>et</span> <span class='ocrx_word' id='word_1_306' title='bbox 1203 3336 1313 3401; x_wconf 90' lang='lat' dir='ltr'>rel.)</span> <span class='ocrx_word' id='word_1_307' title='bbox 1337 3353 1371 3385; x_wconf 88' lang='lat' dir='ltr'>r</span> 
     </span>
    </p>
   </div>
   <div class='ocr_carea' id='block_1_10' title="bbox 498 3487 2922 4456">
    <p class='ocr_par' dir='ltr' id='par_1_12' title="bbox 498 3487 2922 4456">
     <span class='ocr_line' id='line_1_32' title="bbox 564 3487 2915 3555; baseline -0.001 -16"><span class='ocrx_word' id='word_1_308' title='bbox 564 3507 612 3551; x_wconf 86' lang='grc'>4.</span> <span class='ocrx_word' id='word_1_309' title='bbox 701 3490 878 3540; x_wconf 76' lang='lat' dir='ltr'>laudat</span> <span class='ocrx_word' id='word_1_310' title='bbox 941 3490 1144 3555; x_wconf 77' lang='lat' dir='ltr'>quidem</span> <span class='ocrx_word' id='word_1_311' title='bbox 1207 3489 1472 3554; x_wconf 72' lang='lat' dir='ltr'>primitus,</span> <span class='ocrx_word' id='word_1_312' title='bbox 1544 3489 1661 3552; x_wconf 64' lang='grc' dir='ltr'>δια]</span> <span class='ocrx_word' id='word_1_313' title='bbox 1762 3487 1940 3553; x_wconf 64' lang='grc' dir='ltr'>πολλῶ</span> <span class='ocrx_word' id='word_1_314' title='bbox 1960 3489 2154 3552; x_wconf 71' lang='grc' dir='ltr'>μᾶλλον</span> <span class='ocrx_word' id='word_1_315' title='bbox 2182 3492 2227 3540; x_wconf 76' lang='grc' dir='ltr'>οἱ</span> <span class='ocrx_word' id='word_1_316' title='bbox 2258 3489 2571 3551; x_wconf 73' lang='grc' dir='ltr'>ἔξωθεν...διὸ</span> <span class='ocrx_word' id='word_1_317' title='bbox 2604 3489 2684 3538; x_wconf 75' lang='grc' dir='ltr'>καί</span> <span class='ocrx_word' id='word_1_318' title='bbox 2715 3505 2915 3552; x_wconf 83' lang='grc' dir='ltr'>χριστ-</span> 
     </span>
     <span class='ocr_line' id='line_1_33' title="bbox 499 3572 2916 3638; baseline -0 -15"><span class='ocrx_word' id='word_1_319' title='bbox 499 3579 512 3601; x_wconf 87' lang='lat'>‘</span> <span class='ocrx_word' id='word_1_320' title='bbox 534 3573 645 3623; x_wconf 88' lang='lat' dir='ltr'>The</span> <span class='ocrx_word' id='word_1_321' title='bbox 690 3574 794 3638; x_wconf 88' lang='lat' dir='ltr'>Ap.</span> <span class='ocrx_word' id='word_1_322' title='bbox 832 3574 1028 3623; x_wconf 87' lang='lat' dir='ltr'>desired</span> <span class='ocrx_word' id='word_1_323' title='bbox 1073 3590 1140 3624; x_wconf 91' lang='lat' dir='ltr'>on</span> <span class='ocrx_word' id='word_1_324' title='bbox 1175 3575 1262 3624; x_wconf 83' lang='lat' dir='ltr'>the</span> <span class='ocrx_word' id='word_1_325' title='bbox 1303 3589 1398 3623; x_wconf 85' lang='lat' dir='ltr'>one</span> <span class='ocrx_word' id='word_1_326' title='bbox 1434 3574 1574 3624; x_wconf 87' lang='lat' dir='ltr'>hand</span> <span class='ocrx_word' id='word_1_327' title='bbox 1605 3581 1661 3624; x_wconf 89' lang='lat' dir='ltr'>to</span> <span class='ocrx_word' id='word_1_328' title='bbox 1762 3575 2047 3638; x_wconf 81' lang='grc' dir='ltr'>εμπόρους</span> <span class='ocrx_word' id='word_1_329' title='bbox 2086 3577 2319 3624; x_wconf 80' lang='grc' dir='ltr'>καλοῦσιν</span> <span class='ocrx_word' id='word_1_330' title='bbox 2356 3572 2502 3634; x_wconf 65' lang='grc' dir='ltr'>ἡμᾶς.</span> <span class='ocrx_word' id='word_1_331' title='bbox 2572 3573 2651 3622; x_wconf 85' lang='lat' dir='ltr'>Cf.</span> <span class='ocrx_word' id='word_1_332' title='bbox 2675 3572 2819 3622; x_wconf 89' lang='lat' dir='ltr'>Th.’s</span> <span class='ocrx_word' id='word_1_333' title='bbox 2842 3587 2916 3622; x_wconf 87' lang='lat' dir='ltr'>re·</span> 
     </span>
     <span class='ocr_line' id='line_1_34' title="bbox 498 3653 2913 3720; baseline -0.001 -15"><span class='ocrx_word' id='word_1_334' title='bbox 498 3671 775 3720; x_wconf 85' lang='lat' dir='ltr'>encourage</span> <span class='ocrx_word' id='word_1_335' title='bbox 797 3656 1111 3720; x_wconf 81' lang='lat' dir='ltr'>almsgiving,</span> <span class='ocrx_word' id='word_1_336' title='bbox 1135 3657 1234 3705; x_wconf 86' lang='lat' dir='ltr'>and</span> <span class='ocrx_word' id='word_1_337' title='bbox 1267 3671 1334 3704; x_wconf 88' lang='lat' dir='ltr'>on</span> <span class='ocrx_word' id='word_1_338' title='bbox 1368 3657 1454 3706; x_wconf 87' lang='lat' dir='ltr'>the</span> <span class='ocrx_word' id='word_1_339' title='bbox 1486 3657 1651 3712; x_wconf 87' lang='lat' dir='ltr'>other,</span> <span class='ocrx_word' id='word_1_340' title='bbox 1759 3656 1927 3705; x_wconf 83' lang='lat' dir='ltr'>marks</span> <span class='ocrx_word' id='word_1_341' title='bbox 1964 3671 2030 3705; x_wconf 88' lang='lat' dir='ltr'>on</span> <span class='ocrx_word' id='word_1_342' title='bbox 2064 3672 2091 3705; x_wconf 80' lang='lat'>2</span> <span class='ocrx_word' id='word_1_343' title='bbox 2116 3655 2295 3706; x_wconf 64' lang='lat' dir='ltr'>Thess„</span> <span class='ocrx_word' id='word_1_344' title='bbox 2326 3654 2397 3705; x_wconf 88' lang='lat' dir='ltr'>iii.</span> <span class='ocrx_word' id='word_1_345' title='bbox 2430 3653 2611 3716; x_wconf 86' lang='lat'>6—15,</span> <span class='ocrx_word' id='word_1_346' title='bbox 2646 3670 2667 3703; x_wconf 87' lang='lat'>1</span> <span class='ocrx_word' id='word_1_347' title='bbox 2694 3653 2831 3704; x_wconf 84' lang='lat' dir='ltr'>Tim.</span> <span class='ocrx_word' id='word_1_348' title='bbox 2860 3669 2913 3703; x_wconf 84' lang='lat' dir='ltr'>v.</span> 
     </span>
     <span class='ocr_line' id='line_1_35' title="bbox 501 3733 1970 3801; baseline -0.001 -15"><span class='ocrx_word' id='word_1_349' title='bbox 501 3745 554 3786; x_wconf 86' lang='lat' dir='ltr'>to</span> <span class='ocrx_word' id='word_1_350' title='bbox 603 3737 763 3800; x_wconf 86' lang='lat' dir='ltr'>guard</span> <span class='ocrx_word' id='word_1_351' title='bbox 818 3737 1012 3800; x_wconf 84' lang='lat' dir='ltr'>against</span> <span class='ocrx_word' id='word_1_352' title='bbox 1067 3737 1130 3785; x_wconf 88' lang='lat' dir='ltr'>its</span> <span class='ocrx_word' id='word_1_353' title='bbox 1187 3737 1406 3801; x_wconf 86' lang='lat' dir='ltr'>possible</span> <span class='ocrx_word' id='word_1_354' title='bbox 1462 3733 1652 3786; x_wconf 88' lang='lat' dir='ltr'>abuse.&#39;</span> <span class='ocrx_word' id='word_1_355' title='bbox 1762 3736 1970 3788; x_wconf 84' lang='lat'>11—16.</span> 
     </span>
     <span class='ocr_line' id='line_1_36' title="bbox 501 3817 2916 3882; baseline 0 -14"><span class='ocrx_word' id='word_1_356' title='bbox 501 3818 757 3882; x_wconf 86' lang='lat' dir='ltr'>Similarly</span> <span class='ocrx_word' id='word_1_357' title='bbox 778 3817 959 3868; x_wconf 85' lang='lat' dir='ltr'>Thdt.:</span> <span class='ocrx_word' id='word_1_358' title='bbox 995 3819 1270 3880; x_wconf 74' lang='grc' dir='ltr'>συνέβαινεν</span> <span class='ocrx_word' id='word_1_359' title='bbox 1289 3819 1388 3880; x_wconf 80' lang='grc' dir='ltr'>γὰρ</span> <span class='ocrx_word' id='word_1_360' title='bbox 1421 3817 1530 3866; x_wconf 77' lang='grc' dir='ltr'>τοὺς</span> <span class='ocrx_word' id='word_1_361' title='bbox 1563 3817 1654 3876; x_wconf 78' lang='grc' dir='ltr'>μὲν</span> <span class='ocrx_word' id='word_1_362' title='bbox 1820 3819 1867 3870; x_wconf 90' lang='lat'>6.</span> <span class='ocrx_word' id='word_1_363' title='bbox 1952 3820 2237 3881; x_wconf 72' lang='lat' dir='ltr'>conlaudat]</span> <span class='ocrx_word' id='word_1_364' title='bbox 2311 3821 2689 3882; x_wconf 70' lang='lat' dir='ltr'>=rpoeerawe2⁸</span> <span class='ocrx_word' id='word_1_365' title='bbox 2728 3834 2787 3868; x_wconf 87' lang='lat' dir='ltr'>or</span> <span class='ocrx_word' id='word_1_366' title='bbox 2828 3819 2916 3870; x_wconf 85' lang='lat' dir='ltr'>the</span> 
     </span>
     <span class='ocr_line' id='line_1_37' title="bbox 501 3899 2912 3966; baseline 0 -18"><span class='ocrx_word' id='word_1_367' title='bbox 501 3903 778 3963; x_wconf 69' lang='grc' dir='ltr'>φιλοτίμους</span> <span class='ocrx_word' id='word_1_368' title='bbox 839 3902 1070 3963; x_wconf 73' lang='grc' dir='ltr'><strong><em>χορηγεῖν</em></strong></span> <span class='ocrx_word' id='word_1_369' title='bbox 1124 3901 1224 3952; x_wconf 80' lang='grc' dir='ltr'>τοῖς</span> <span class='ocrx_word' id='word_1_370' title='bbox 1279 3901 1516 3960; x_wconf 73' lang='grc' dir='ltr'>δεομένοις</span> <span class='ocrx_word' id='word_1_371' title='bbox 1567 3903 1659 3961; x_wconf 75' lang='grc' dir='ltr'>τὴν</span> <span class='ocrx_word' id='word_1_372' title='bbox 1756 3901 1898 3951; x_wconf 86' lang='lat' dir='ltr'>like?</span> <span class='ocrx_word' id='word_1_373' title='bbox 1964 3902 2148 3965; x_wconf 90' lang='lat' dir='ltr'>Comp.</span> <span class='ocrx_word' id='word_1_374' title='bbox 2171 3902 2404 3952; x_wconf 83' lang='lat' dir='ltr'>however</span> <span class='ocrx_word' id='word_1_375' title='bbox 2428 3901 2509 3951; x_wconf 91' lang='lat' dir='ltr'>De</span> <span class='ocrx_word' id='word_1_376' title='bbox 2530 3901 2636 3958; x_wconf 85' lang='lat' dir='ltr'>vit,</span> <span class='ocrx_word' id='word_1_377' title='bbox 2660 3918 2699 3950; x_wconf 84' lang='lat' dir='ltr'>s.</span> <span class='ocrx_word' id='word_1_378' title='bbox 2714 3917 2763 3951; x_wconf 85' lang='lat' dir='ltr'>v.</span> <span class='ocrx_word' id='word_1_379' title='bbox 2792 3899 2912 3966; x_wconf 79' lang='grc' dir='ltr'>(ιο).</span> 
     </span>
     <span class='ocr_line' id='line_1_38' title="bbox 500 3982 2918 4048; baseline 0 -18"><span class='ocrx_word' id='word_1_380' title='bbox 500 3983 682 4044; x_wconf 82' lang='grc' dir='ltr'>χρείαν,</span> <span class='ocrx_word' id='word_1_381' title='bbox 719 3983 829 4032; x_wconf 76' lang='grc' dir='ltr'>τοὺς</span> <span class='ocrx_word' id='word_1_382' title='bbox 859 3983 910 4030; x_wconf 77' lang='grc' dir='ltr'>δὲ</span> <span class='ocrx_word' id='word_1_383' title='bbox 933 3983 1012 4031; x_wconf 84' lang='grc' dir='ltr'>διὰ</span> <span class='ocrx_word' id='word_1_384' title='bbox 1043 3985 1133 4044; x_wconf 80' lang='grc' dir='ltr'>τὴν</span> <span class='ocrx_word' id='word_1_385' title='bbox 1165 3984 1348 4030; x_wconf 80' lang='grc' dir='ltr'>τούτων</span> <span class='ocrx_word' id='word_1_386' title='bbox 1381 3982 1660 4042; x_wconf 70' lang='grc' dir='ltr'>φιλοτιμίαν</span> <span class='ocrx_word' id='word_1_387' title='bbox 1828 3999 1906 4046; x_wconf 83' lang='lat'>14.</span> <span class='ocrx_word' id='word_1_388' title='bbox 1972 3983 2177 4048; x_wconf 70' lang='lat' dir='ltr'>adsequi</span> <span class='ocrx_word' id='word_1_389' title='bbox 2196 3983 2576 4043; x_wconf 78' lang='lat' dir='ltr'>incrementum]</span> <span class='ocrx_word' id='word_1_390' title='bbox 2606 3985 2787 4046; x_wconf 81' lang='grc' dir='ltr'>τροφῆς</span> <span class='ocrx_word' id='word_1_391' title='bbox 2813 3985 2918 4030; x_wconf 75' lang='grc' dir='ltr'>ἐπι·</span> 
     </span>
     <span class='ocr_line' id='line_1_39' title="bbox 501 4063 2915 4126; baseline -0 -14"><span class='ocrx_word' id='word_1_392' title='bbox 501 4065 698 4120; x_wconf 77' lang='grc' dir='ltr'>ἀμελεῖν</span> <span class='ocrx_word' id='word_1_393' title='bbox 762 4065 848 4121; x_wconf 79' lang='grc' dir='ltr'>τῆς</span> <span class='ocrx_word' id='word_1_394' title='bbox 903 4065 1152 4126; x_wconf 74' lang='grc' dir='ltr'>ἐργασίας.</span> <span class='ocrx_word' id='word_1_395' title='bbox 1249 4063 1444 4113; x_wconf 75' lang='grc' dir='ltr'>εἰκότως</span> <span class='ocrx_word' id='word_1_396' title='bbox 1497 4065 1657 4114; x_wconf 83' lang='grc' dir='ltr'>τοίνυν</span> <span class='ocrx_word' id='word_1_397' title='bbox 1757 4066 1938 4125; x_wconf 82' lang='grc' dir='ltr'>τυχεῖν.</span> <span class='ocrx_word' id='word_1_398' title='bbox 2007 4065 2109 4114; x_wconf 87' lang='lat' dir='ltr'>For</span> <span class='ocrx_word' id='word_1_399' title='bbox 2128 4064 2915 4114; x_wconf 73' lang='lat' dir='ltr'>incrementum=nutn⁸mentum</span> 
     </span>
     <span class='ocr_line' id='line_1_40' title="bbox 501 4141 2922 4209; baseline -0 -16"><span class='ocrx_word' id='word_1_400' title='bbox 501 4145 742 4195; x_wconf 74' lang='grc' dir='ltr'>κάκείνους</span> <span class='ocrx_word' id='word_1_401' title='bbox 775 4141 1027 4206; x_wconf 70' lang='grc' dir='ltr'>ἐπῄνεσεν,</span> <span class='ocrx_word' id='word_1_402' title='bbox 1065 4147 1142 4194; x_wconf 75' lang='grc' dir='ltr'>καὶ</span> <span class='ocrx_word' id='word_1_403' title='bbox 1180 4147 1363 4194; x_wconf 81' lang='grc' dir='ltr'>τούτοις</span> <span class='ocrx_word' id='word_1_404' title='bbox 1398 4147 1464 4195; x_wconf 81' lang='grc' dir='ltr'>τὰ</span> <span class='ocrx_word' id='word_1_405' title='bbox 1505 4147 1657 4209; x_wconf 81' lang='grc' dir='ltr'>πρόσ-</span> <span class='ocrx_word' id='word_1_406' title='bbox 1758 4163 1841 4196; x_wconf 85' lang='lat' dir='ltr'>see</span> <span class='ocrx_word' id='word_1_407' title='bbox 1862 4146 2011 4204; x_wconf 87' lang='lat' dir='ltr'>lexx.‚</span> <span class='ocrx_word' id='word_1_408' title='bbox 2034 4163 2071 4196; x_wconf 89' lang='lat' dir='ltr'>s.</span> <span class='ocrx_word' id='word_1_409' title='bbox 2086 4163 2133 4196; x_wconf 85' lang='lat' dir='ltr'>v.</span> <span class='ocrx_word' id='word_1_410' title='bbox 2200 4146 2427 4195; x_wconf 78' lang='lat' dir='ltr'>Suadens</span> <span class='ocrx_word' id='word_1_411' title='bbox 2448 4151 2509 4194; x_wconf 80' lang='lat' dir='ltr'>ut</span> <span class='ocrx_word' id='word_1_412' title='bbox 2534 4161 2637 4193; x_wconf 77' lang='lat' dir='ltr'>non</span> <span class='ocrx_word' id='word_1_413' title='bbox 2670 4145 2922 4194; x_wconf 77' lang='lat' dir='ltr'>inhoneste</span> 
     </span>
     <span class='ocr_line' id='line_1_41' title="bbox 501 4224 2920 4293; baseline -0 -18"><span class='ocrx_word' id='word_1_414' title='bbox 501 4232 630 4286; x_wconf 81' lang='grc' dir='ltr'>φορα</span> <span class='ocrx_word' id='word_1_415' title='bbox 672 4225 1056 4288; x_wconf 80' lang='grc' dir='ltr'>συνεβούλευσεν.</span> <span class='ocrx_word' id='word_1_416' title='bbox 1123 4227 1246 4276; x_wconf 80' lang='lat' dir='ltr'>And</span> <span class='ocrx_word' id='word_1_417' title='bbox 1289 4227 1488 4292; x_wconf 83' lang='lat' dir='ltr'>Chrys.,</span> <span class='ocrx_word' id='word_1_418' title='bbox 1540 4229 1657 4278; x_wconf 84' lang='lat' dir='ltr'>who</span> <span class='ocrx_word' id='word_1_419' title='bbox 1739 4229 1937 4293; x_wconf 79' lang='lat' dir='ltr'>ferant,</span> <span class='ocrx_word' id='word_1_420' title='bbox 1976 4227 2063 4278; x_wconf 85' lang='lat' dir='ltr'>&amp;c.</span> <span class='ocrx_word' id='word_1_421' title='bbox 2082 4228 2314 4276; x_wconf 65' lang='grc' dir='ltr'>επείθων</span> <span class='ocrx_word' id='word_1_422' title='bbox 2348 4224 2476 4275; x_wconf 79' lang='grc' dir='ltr'>ὥστε</span> <span class='ocrx_word' id='word_1_423' title='bbox 2516 4226 2585 4284; x_wconf 78' lang='grc' dir='ltr'>μὴ</span> <span class='ocrx_word' id='word_1_424' title='bbox 2630 4225 2920 4286; x_wconf 71' lang='grc' dir='ltr'>ἀσχημόνως</span> 
     </span>
     <span class='ocr_line' id='line_1_42' title="bbox 501 4306 2916 4376; baseline 0 -19"><span class='ocrx_word' id='word_1_425' title='bbox 501 4308 615 4368; x_wconf 75' lang='lat' dir='ltr'>thus</span> <span class='ocrx_word' id='word_1_426' title='bbox 636 4309 830 4374; x_wconf 86' lang='lat' dir='ltr'>applies</span> <span class='ocrx_word' id='word_1_427' title='bbox 851 4309 936 4358; x_wconf 82' lang='lat' dir='ltr'>the</span> <span class='ocrx_word' id='word_1_428' title='bbox 958 4309 1163 4375; x_wconf 86' lang='lat' dir='ltr'>reproof</span> <span class='ocrx_word' id='word_1_429' title='bbox 1192 4316 1245 4359; x_wconf 83' lang='lat' dir='ltr'>to</span> <span class='ocrx_word' id='word_1_430' title='bbox 1267 4309 1345 4360; x_wconf 82' lang='lat' dir='ltr'>his</span> <span class='ocrx_word' id='word_1_431' title='bbox 1377 4327 1494 4360; x_wconf 81' lang='lat' dir='ltr'>own</span> <span class='ocrx_word' id='word_1_432' title='bbox 1527 4327 1653 4376; x_wconf 83' lang='lat' dir='ltr'>age:</span> <span class='ocrx_word' id='word_1_433' title='bbox 1758 4311 1889 4370; x_wconf 78' lang='grc' dir='ltr'>ἔχειν</span> <span class='ocrx_word' id='word_1_434' title='bbox 1926 4311 2037 4371; x_wconf 71' lang='grc' dir='ltr'>περὶ</span> <span class='ocrx_word' id='word_1_435' title='bbox 2076 4311 2191 4366; x_wconf 81' lang='grc' dir='ltr'>τῶν,</span> <span class='ocrx_word' id='word_1_436' title='bbox 2228 4311 2379 4362; x_wconf 84' lang='grc' dir='ltr'>κ.τ.λ.</span> <span class='ocrx_word' id='word_1_437' title='bbox 2454 4306 2714 4358; x_wconf 73' lang='lat' dir='ltr'>Consolan·</span> <span class='ocrx_word' id='word_1_438' title='bbox 2758 4321 2916 4372; x_wconf 66' lang='lat' dir='ltr'>pass,</span> 
     </span>
     <span class='ocr_line' id='line_1_43' title="bbox 501 4389 2287 4456; baseline 0 -16"><span class='ocrx_word' id='word_1_439' title='bbox 501 4393 548 4440; x_wconf 81' lang='grc' dir='ltr'>ει·</span> <span class='ocrx_word' id='word_1_440' title='bbox 569 4392 667 4454; x_wconf 77' lang='grc' dir='ltr'>γὰρ</span> <span class='ocrx_word' id='word_1_441' title='bbox 690 4393 734 4442; x_wconf 80' lang='lat' dir='ltr'>ol</span> <span class='ocrx_word' id='word_1_442' title='bbox 754 4390 869 4455; x_wconf 73' lang='grc' dir='ltr'>παρ’</span> <span class='ocrx_word' id='word_1_443' title='bbox 893 4391 1006 4452; x_wconf 75' lang='grc' dir='ltr'>ἡμῖν</span> <span class='ocrx_word' id='word_1_444' title='bbox 1029 4393 1430 4450; x_wconf 74' lang='grc' dir='ltr'>σκανδαλίζονται</span> <span class='ocrx_word' id='word_1_445' title='bbox 1452 4390 1653 4452; x_wconf 75' lang='grc' dir='ltr'>τούτοις.</span> <span class='ocrx_word' id='word_1_446' title='bbox 1754 4406 1839 4441; x_wconf 82' lang='lat' dir='ltr'>see</span> <span class='ocrx_word' id='word_1_447' title='bbox 1863 4405 1901 4442; x_wconf 91' lang='lat'>1.</span> <span class='ocrx_word' id='word_1_448' title='bbox 1926 4407 1975 4455; x_wconf 87' lang='lat' dir='ltr'>p.</span> <span class='ocrx_word' id='word_1_449' title='bbox 2008 4405 2115 4456; x_wconf 79' lang='lat'>194,</span> <span class='ocrx_word' id='word_1_450' title='bbox 2142 4389 2175 4440; x_wconf 86' lang='lat' dir='ltr'>l.</span> <span class='ocrx_word' id='word_1_451' title='bbox 2212 4404 2287 4455; x_wconf 83' lang='lat'>19.</span> 
     </span>
    </p>
   </div>
  </div>
 </body>
</html>
