3250 5025
380 335 839 394 FRAGMENTS
885 343 981 395 OF
1028 344 1183 396 THE
1230 345 1619 400 DOGMATIC
1667 347 1932 401 WORKS
1977 350 2074 400 OF
2116 349 2544 402 THEODORE.
2617 347 2736 416 305

324 529 415 572 cm
441 507 515 573 ἐκ
540 507 671 576 τοῖο
697 516 1061 598 προφήταις,
1084 515 1175 582 ἐπ’
1201 516 1479 604 &exdram
1582 523 1648 582 in
1689 524 2020 584 nouzkst'mis
2057 525 2251 584 diebus
2285 523 2380 584 his
2419 523 2634 582 locutus
2663 530 2746 581 est

323 612 457 676 τῶΝ
536 614 797 702 ἑμερώκ
858 623 1105 694 τογ’τωκ
1175 621 1479 688 &amnem
1582 623 1742 681 nobis
1781 623 1846 682 in
1867 623 2021 699 filio.
2106 641 2212 700 per
2245 622 2432 682 filium
2468 620 2632 682 enim
2660 622 2742 682 lo-

323 711 473 779 ι-ἷιυιῖΝ
507 716 578 781 ἐκ
613 717 781 803 *ispi
825 731 1079 806 φανερῶς
1104 728 1216 810 ydp
1246 731 1484 792 ἐνταῦθα
1579 731 1754 780 cutus
1796 730 1888 781 est
1929 719 2103 781 nobis
2121 739 2139 794 ;
2193 731 2420 780 certum
2463 730 2556 781 est
2598 739 2744 781 uero

322 815 396 882 ἐκ
431 815 543 903 γῑῲ
572 825 649 902 τῷ
674 822 948 909 ἀνθρώπῳ
976 828 1161 912 λέγων
1190 829 1475 892 δείκνυται,
1580 817 1748 892 quod
1803 818 1883 877 de
1930 818 2250 893 adsumpto
2305 815 2567 877 homine.
2650 819 2746 876 cui

1577 915 1728 973 enim
1782 916 1944 974 dixit
1991 915 2306 992 aliquando
2370 915 2744 991 angelorum:
2813 927 2846 988 5

1585 1013 1780 1090 ‘filius
1819 1033 1976 1073 meus
2013 1033 2070 1073 es
2109 1021 2191 1082 tu,
2231 1031 2326 1091 ego
2369 1013 2536 1072 hodie
2565 1014 2752 1090 genui

1577 1110 1672 1177 tei·
1688 1111 1738 1170 Γ
1770 1113 1998 1171 nullum
2019 1110 2214 1191 (dicit)
2233 1110 2586 1190 participem
2602 1110 2743 1173 fecit

1578 1207 1884 1286 dignitatis
1913 1208 2028 1268 filii.
2089 1208 2208 1268 hoc
2225 1206 2386 1268 enim
2408 1209 2578 1284 quod
2593 1205 2741 1268 dixit

1570 1305 1752 1382 genui
1799 1314 1865 1377 te,
1911 1303 2080 1381 quasi
2125 1323 2232 1382 per
2270 1305 2388 1364 hoc
2428 1302 2742 1382 participa-

1576 1400 1806 1462 tionem
1861 1399 2162 1461 filiationis
2216 1399 2385 1461 dedit
2402 1420 2421 1476 3
2489 1401 2740 1462 omnino
2777 1414 2849 1453 10

1576 1521 1721 1563 uero
1737 1512 1942 1579 aperte
1959 1503 2182 1561 nullam
2199 1500 2427 1562 habens
2442 1499 2522 1560 ad
2541 1501 2740 1560 Deum

1573 1599 1844 1659 Verbum
1863 1595 2351 1660 communionem
2361 1597 2609 1674 adparet
2625 1598 2742 1656 hoc

1577 1697 1748 1773 quod
1777 1695 2006 1756 dictum
2037 1707 2146 1757 est.
2257 1693 2296 1730 ‘¹¹’
2460 1693 2498 1730 '⁵
2662 1695 2700 1732 ὓ

1656 1813 1784 1854 cum
1826 1795 2158 1854 introducat
2185 1795 2630 1870 primogem‘mtn
2673 1795 2738 1853 in

1573 1892 1759 1950 orbem
1807 1898 2102 1949 {mamm
2141 1893 2314 1950 dicit:
2375 1895 2390 1924 ‘
2407 1900 2466 1950 et
2507 1893 2746 1951 adorent
2775 1907 2798 1945 1
2811 1903 2842 1964 5

1574 2005 1702 2066 epam
1731 1987 1992 2044 universi
2013 1985 2419 2062 angeliDeiss!
2487 1985 2620 2062 quis
2648 1996 2738 2047 est

1575 2083 1754 2162 igitur
1797 2082 1901 2160 qui
1951 2082 2014 2143 in
2068 2084 2278 2144 orbem
2322 2094 2606 2144 terrarum
2653 2082 2741 2143 in-

1574 2182 1909 2243 troducitur
1968 2192 2030 2243 et
2082 2181 2557 2243 dominationem
2612 2180 2740 2244 eius

1577 2278 1806 2356 incipit,
1861 2278 1939 2340 de
1995 2298 2114 2356 qua
2166 2278 2224 2340 ei
2273 2290 2334 2342 et
2380 2278 2614 2340 adorari
2659 2281 2738 2340 ab

1576 2376 1804 2454 angelis
1843 2375 2216 2454 adquiritur?
2269 2397 2382 2438 nec
2431 2375 2593 2438 enim
2649 2376 2738 2437 in-
2771 2391 2848 2430 20

1578 2474 1819 2537 saniens
1835 2473 2050 2552 aliquis
2068 2473 2229 2535 dicat
2251 2476 2451 2535 Deum
2469 2475 2738 2536 Verbum

1577 2592 1710 2635 esse
1751 2573 2175 2646 introductum,
2222 2572 2328 2651 qui
2371 2572 2576 2634 omnia
2614 2593 2736 2635 non

1578 2670 1842 2733 extantia
1867 2671 2009 2733 fecit
2037 2670 2325 2733 ineffabili
2351 2670 2478 2733 eius
2501 2670 2735 2746 uirtute,

1574 2771 1812 2831 donans
1841 2768 1930 2831 eis
1957 2781 2025 2831 ut
2054 2766 2304 2851 essent.]

477 2992 531 3053 6.
618 2988 779 3075 [Act.
811 2992 1000 3056 Conc.
1034 2992 1159 3055 CP.
1192 2991 1249 3055 ii.
1280 3010 1363 3055 v1.
1398 2992 1461 3074 (“
1484 2990 1988 3055 Theodorus-..in
2018 2990 2384 3053 duodecimo
2411 2991 2566 3053 libro

1183 3088 1454 3153 eiusdem
1484 3090 1756 3168 opusculi
1775 3086 1882 3171 ”)].

436 3218 537 3278 Ad
564 3219 714 3280 haec
742 3232 944 3283 autem
974 3224 1185 3284 beatus
1213 3222 1525 3300 apostolus
1551 3217 1945 3295 respondem,
1971 3228 2222 3277 conatur
2249 3218 2569 3278 ostendere
2590 3237 2738 3295 quo·
2768 3236 2840 3297 ²5

316 3314 502 3375 modo
543 3317 839 3396 particeps
866 3332 958 3381 est
986 3320 1176 3382 diuini
1204 3316 1485 3390 honoris3
1528 3327 1587 3378 et
1616 3313 1781 3393 quod
1810 3332 1884 3375 eo
1913 3313 2120 3373 fruitur
2145 3332 2270 3374 non
2297 3324 2539 3391 propter
2565 3334 2736 3375 suam

319 3423 614 3490 naturam,
649 3416 758 3477 sed
786 3429 1029 3495 propter
1054 3416 1489 3479 inhabitantem
1517 3424 1806 3475 naturam.

319 3640 373 3700 7.
459 3624 697 3707 [Leont.
744 3628 782 3689 l.
821 3648 863 3690 c.
898 3632 987 3710 (ἐκ
1014 3632 1115 3691 τοῦ
1140 3627 1313 3691 αὐτοῦ
1339 3628 1558 3711 λόγου).
1650 3630 1782 3688 Act.
1816 3628 2005 3689 Cone.
2039 3626 2160 3689 CP.
2191 3624 2249 3687 ii.
2284 3644 2362 3688 ιν.
2390 3645 2465 3703 47
2500 3631 2566 3707 (“
2586 3625 2738 3689 eius·

612 3723 753 3787 dem
782 3748 855 3787 ex
882 3724 1036 3790 libro
1065 3728 1431 3790 duodecimo
1458 3724 1536 3787 de
1568 3722 2093 3803 Incarnatione’').
2140 3722 2273 3803 vig.
2307 3722 2430 3807 49].

385 3850 571 3913 Ὥστε
612 3852 677 3912 οὔ
714 3854 896 3930 μόνον
923 3860 939 3889 ‘
956 3857 1081 3917 υἱὸν
1099 3861 1114 3887 ’
1141 3855 1310 3917 αὐτὰν
1337 3854 1473 3916 αἶπο-
1657 3856 1871 3931 Itaque
1898 3874 2022 3914 non
2051 3854 2246 3914 solum
2276 3854 2513 3917 ‘filium’
2535 3854 2730 3933 ipsum

315 3946 483 4005 καλεῖ
503 3946 605 4005 τοῦ
632 3944 763 4006 θεοῦ
788 3946 967 4029 λόγου
986 3948 1289 4026 ἀφορίσας,
1313 3944 1471 4009 ἀλλὰ
1574 3962 1758 4013 uocat
1796 3972 1836 4011 a
1876 3954 2014 4013 Deo
2047 3953 2252 4013 Verbo
2295 3972 2593 4030 separanS,
2624 3955 2732 4016 sed

314 4040 409 4098 καὶ
442 4039 766 4101 συντείνων
792 4040 934 4103 κατὰ
959 4042 1061 4104 τὸν
1084 4051 1188 4121 τῆς
1212 4046 1473 4121 videm-os
1572 4048 1752 4108 etiam
1775 4049 2108 4109 secundum
2125 4046 2423 4109 filiationis
2438 4048 2728 4110 rationem
2760 4076 2837 4132 30

312 4137 491 4219 λόγον
514 4142 633 4202 τοῖς
661 4143 884 4205 λοιποῖς
908 4143 1029 4206 τοῖς
1052 4140 1471 4223 μετεσχηκόσιν
1571 4164 2014 4206 connumerans
2079 4144 2290 4205 ceteris
2344 4145 2729 4225 participibus

977 4322 1034 4371 3¹
1072 4310 1447 4360 communicans
1470 4309 1583 4374 (sor
1602 4310 1987 4371 connumerans)
2022 4310 2070 4359 V

700 4427 729 4454 ⁴*
767 4428 905 4480 Heb.
931 4427 963 4479 i.
996 4446 1038 4489 ι,
1065 4446 1111 4481 2.
1440 4431 1474 4486 †
1509 4432 1648 4483 Heb.
1674 4433 1708 4483 i.
1736 4444 1784 4495 5.
2111 4432 2144 4493 τ.
2177 4434 2251 4484 sb.
2275 4433 2324 4485 6.

482 4538 539 4590 S·
589 4540 667 4593 11.
2471 4551 2554 4597 20

3202 749 3205 772 -
3186 625 3206 709 ...Α-
