3250 5025
376 405 833 462 FRAGMENTS
879 405 972 461 OF
1016 405 1175 459 THE
1219 405 1615 462 DOGMATIC
1663 407 1926 463 WORKS
1972 405 2068 463 01⁴¹
2112 405 2538 462 THEODORE.
2603 403 2726 475 325

314 582 715 662 intellegimus
742 595 943 646 autem
972 603 1109 645 eum
1135 583 1342 659 filium,
1371 605 1496 646 non
1525 587 1694 664 quod
1730 605 1839 664 per
1865 605 1928 646 se
1958 583 2191 647 dicatur
2217 583 2390 657 filius,
2421 584 2530 645 sed
2567 583 2734 661 quod

315 680 417 740 illa
463 683 889 744 coniunctione
932 701 1117 759 quam
1159 684 1342 744 habet
1387 704 1525 744 curn
1576 703 1651 745 eo
1697 682 1800 761 qui
1845 703 1988 745 uere
2031 695 2123 746 est
2167 683 2323 743 filius
2357 679 2554 742 taliter
2579 698 2732 740 nun-

315 790 582 856 cupetur.

438 875 713 938 misertus
753 889 845 938 est
879 879 1125 941 Creator
1155 877 1425 956 perditae
1462 889 1767 940 creaturae
1801 890 1863 940 et
1895 877 2023 938 sine
2059 874 2482 940 commixtione
2521 879 2735 938 format

316 973 623 1051 infantem,
654 976 927 1054 perducit
954 978 1035 1037 ad
1062 988 1322 1038 aetatem
1352 977 1599 1050 uirilem,
1631 977 2136 1037 incrementorum
2166 975 2410 1053 quidem
2451 993 2734 1053 processu
2801 986 2835 1049 5

316 1083 563 1135 naturae
606 1073 1058 1136 similitudinem
1114 1093 1225 1151 pro
1270 1075 1456 1135 modo
1499 1072 1866 1134 credulitatis
1913 1071 2223 1132 insinuans
2233 1093 2252 1147 3
2313 1071 2547 1132 occulte
2589 1089 2735 1130 uero

316 1167 513 1230 eidem
540 1173 858 1248 copulatus
887 1171 1165 1247 existenS,
1198 1191 1325 1231 non
1364 1172 1572 1232 aberat
1612 1191 1752 1230 cum
1793 1173 2158 1244 formaretur,
2199 1187 2325 1228 non
2360 1165 2738 1228 diuidebatur

315 1287 455 1328 curn
494 1279 846 1345 nasceretur,
891 1269 1163 1346 loquenti
1204 1268 1560 1329 coniunctus
1604 1281 1712 1342 est,
1752 1287 2031 1346 praesens
2072 1266 2136 1326 in
2173 1266 2300 1327 eius
2337 1266 2570 1328 actibus
2607 1287 2736 1347 per-

317 1384 615 1442 seueranS,
645 1377 827 1443 atque
853 1364 937 1427 ibi
966 1386 1133 1426 suam
1164 1365 1604 1426 connexionem
1634 1364 1763 1425 sine
1791 1376 2044 1442 peccato
2073 1362 2434 1425 custodiens,

319 1504 479 1589 [Τὴε
505 1506 835 1586 remaining
861 1509 1183 1586 fragments
1210 1506 1271 1566 in
1303 1507 1657 1568 Mercator's
1686 1505 1865 1566 Latin
1886 1508 2110 1584 belong
2131 1517 2197 1566 to
2221 1504 2508 1579 Diodore,
2528 1514 2738 1583 except

576 1604 677 1664 the
704 1605 818 1664 last
846 1615 981 1678 tvm,
1010 1602 1203 1664 which
1230 1621 1332 1664 are
1357 1602 1631 1664 ascribed
1657 1602 1719 1662 in
1749 1603 1853 1663 the
1882 1604 2018 1663 Vat.
2053 1619 2152 1662 MS.
2188 1610 2252 1662 to
2284 1595 2467 1681 Ibas].

422 1906 578 1992 [Act.
615 1911 801 1973 Conc.
838 1911 961 1972 CP.
992 1911 1045 1971 ii.
1084 1928 1164 1971 ιν.
1198 1929 1272 1988 35
1308 1911 1369 1990 (“
1393 1910 1666 1971 eiusdem
1694 1907 2002 1970 Theodori
2031 1927 2106 1970 ex
2133 1910 2350 1971 eodem
2377 1907 2616 1989 libro”).

870 2009 1003 2086 Vig.
1038 2013 1114 2086 36
1144 2008 1209 2090 (“
1228 2008 1333 2069 ubi
1361 2008 1439 2068 ad
1467 2008 1837 2086 baptizatum
1865 2003 2190 2088 dicitur’')].

440 2143 713 2202 Renatus
756 2142 904 2202 alter
945 2143 1137 2202 factus
1180 2161 1245 2202 es
1279 2159 1389 2219 pro
1418 2143 1623 2214 alter0,
1655 2159 1780 2200 non
1808 2139 1929 2199 iam
1957 2157 2093 2217 pars
2122 2139 2320 2198 Adam
2348 2137 2650 2200 mutabilis
2678 2149 2739 2202 et
2770 2156 2844 2196 10

317 2237 579 2314 peccatis
619 2236 981 2314 circumfusi,
1019 2240 1128 2299 sed
1166 2237 1407 2311 Christi,
1447 2236 1549 2316 qui
1590 2237 1842 2298 omnino
1885 2235 2264 2313 inculpabilis
2304 2254 2410 2313 per
2447 2255 2736 2299 resurrec-

319 2333 546 2396 tionem
572 2338 763 2398 factus
793 2345 899 2398 est.

400 2523 557 2607 [Act.
590 2529 778 2588 Conc.
813 2530 933 2589 (ΞΡ.
966 2527 1023 2589 ii.
1058 2546 1135 2588 ιν.
1171 2546 1245 2605 37
1278 2528 1345 2595 (“
1364 2526 1634 2590 eiusdem
1664 2546 1741 2588 ex
1769 2528 1988 2588 eodem
2017 2526 2256 2607 libro”).
2345 2527 2475 2606 Vig.
2505 2524 2622 2609 37].

442 2652 531 2711 Ut
585 2653 835 2711 multam
891 2652 1137 2729 quidem
1192 2652 1319 2712 eius
1372 2654 1593 2712 faceret
1651 2650 2035 2729 diligentiam,
2083 2652 2286 2712 omnia
2338 2662 2540 2721 autem
2583 2650 2740 2714 illius

318 2750 557 2827 propria
583 2751 802 2810 faceret
829 2759 891 2809 et
919 2750 1210 2821 toleraret,
1241 2768 1346 2825 per
1373 2768 1585 2809 omnes
1616 2768 1692 2809 eo
1720 2751 1906 2810 ducto
1933 2747 2260 2827 passioneS,
2289 2769 2396 2827 per
2423 2769 2570 2827 quas
2599 2770 2739 2811 eum

319 2846 651 2905 secundum
680 2864 849 2903 suam
877 2844 1159 2905 uirtutem
1188 2846 1517 2921 perfectum
1546 2845 1689 2905 fecit
1699 2866 1717 2919 3
1754 2864 1870 2905 nec
1897 2865 1935 2905 a
1962 2846 2211 2907 mortuis
2238 2847 2567 2907 secundum
2596 2865 2740 2907 suae
2772 2866 2843 2929 15

316 2956 564 3005 naturae
618 2944 808 3021 legem
865 2945 1169 3017 recedenS‚
1218 2946 1325 3006 sed
1380 2964 1488 3005 sua
1541 2946 1879 3023 praesentia
1934 2957 1994 3007 et
2042 2944 2386 3024 operatione
2443 2956 2502 3007 et
2555 2944 2744 3024 gratia

316 3041 575 3101 liberans
624 3040 869 3117 quidem
917 3060 1055 3101 eum
1103 3042 1180 3103 de
1229 3054 1423 3103 morte
1472 3054 1532 3103 et
1579 3043 1752 3104 malis
1795 3063 1950 3121 quae
1998 3044 2141 3105 inde
2183 3054 2340 3119 sunt,
2385 3042 2742 3104 resuscitans

318 3151 517 3201 autem
547 3160 687 3202 eum
715 3142 793 3202 de
820 3139 1069 3200 mortuis
1097 3151 1156 3202 et
1184 3141 1262 3202 ad
1290 3139 1599 3202 meliorem
1629 3142 1812 3202 finem
1838 3142 2190 3219 perducens,

426 3339 580 3425 [Act.
618 3344 802 3406 Cone.
839 3344 957 3405 CP.
992 3342 1047 3403 ii.
1086 3360 1161 3403 ιν.
1199 3348 1276 3421 38
1309 3343 1373 3424 (“
1392 3344 1662 3404 eiusdem
1692 3339 1998 3403 Theodori
2028 3360 2102 3403 ex
2129 3343 2348 3402 eodem
2376 3340 2612 3423 libro”).

1381 3438 1510 3517 Vig.
1544 3436 1667 3519 48].

445 3564 685 3627 Deinde
741 3568 1066 3629 ostendens
1120 3568 1289 3630 cuius
1342 3568 1528 3646 gratia
1589 3588 1802 3647 passus
1859 3578 1948 3628 est
1994 3564 2478 3641 diminutionem,
2523 3564 2740 3627 infert:

318 3670 599 3741 quatenus
638 3665 785 3723 citra
824 3666 1019 3724 Deum
1050 3674 1163 3741 pro
1186 3668 1448 3725 omnibus
1465 3674 1730 3742 gustaret
1755 3673 1984 3725 mortem
1997 3662 2035 3698 ἴ·
2049 3686 2076 3735 ,·
2117 3662 2259 3739 quia
2298 3662 2507 3724 diuina
2530 3673 2744 3722 *natura
2771 3689 2849 3732 20

319 3760 402 3822 ita
456 3763 717 3836 uolente,
768 3774 1037 3839 separata
1086 3762 1202 3836 illa,
1254 3762 1382 3840 ipse
1424 3782 1531 3839 per
1579 3782 1646 3824 se
1694 3782 1803 3841 pro
1852 3760 2124 3823 omnium
2172 3759 2427 3821 utilitate
2479 3758 2742 3838 gustauit

320 3871 590 3921 mortem.
679 3869 739 3919 et
786 3860 1109 3920 ostendens
1159 3860 1322 3936 quod
1371 3860 1565 3920 deitas
1610 3869 1882 3936 separata
1929 3858 2175 3936 quidem
2222 3867 2348 3919 erat
2379 3857 2456 3918 ab
2498 3856 2604 3917 illo
2638 3855 2743 3934 qui

318 3978 529 4037 passus
558 3970 647 4019 est
676 3961 1008 4020 secundum
1036 3958 1241 4018 mortis
1279 3958 1768 4035 experimentum,
1800 3956 1942 4035 quia
1968 3976 2082 4018 nec
2109 3956 2394 4035 possibile
2421 3966 2546 4016 erat
2578 3953 2742 4015 illam

320 4054 528 4117 mortis
570 4056 1039 4133 experimentum
1079 4056 1390 4133 accipere3
1442 4075 1565 4116 non
1598 4067 1801 4116 tamen
1839 4053 1925 4114 illi
1963 4052 2068 4131 qui
2103 4072 2312 4131 passus
2347 4063 2438 4113 est
2473 4053 2744 4113 abfuerat

321 4156 656 4216 secundum
683 4153 1070 4231 diligentiam.
2771 4176 2804 4217 2
2813 4173 2847 4236 5

422 4319 482 4354 ro
514 4311 589 4353 αῖ
614 4300 729 4367 (sor
746 4298 819 4365 es)
855 4301 908 4350 V
1128 4316 1187 4363 14
1220 4300 1497 4351 conductus
1520 4298 1639 4365 (for
1657 4314 1720 4350 eo
1741 4298 1916 4360 ducto)
1951 4298 2003 4349 V
2233 4310 2291 4362 17
2325 4315 2440 4351 eum
2461 4300 2671 4367 quidem
2703 4300 2754 4355 V

320 4398 385 4437 eo
416 4384 550 4437 circa
570 4384 701 4435 codd.
716 4404 735 4438 .·
766 4382 893 4437 citra
912 4381 1039 4446 conj.
1060 4382 1165 4434 edd.
1195 4382 1449 4446 (=xwpts)
1626 4394 1686 4431 αι
1723 4396 1816 4447 pro
1837 4394 1892 4431 se
1915 4378 2033 4443 (for
2050 4394 2142 4446 per
2161 4378 2234 4444 se)
2271 4380 2324 4429 V

1377 4494 1405 4521 ⁴*
1446 4496 1585 4547 Heb.
1611 4494 1666 4546 ii.
1689 4508 1736 4561 9.
