3250 5025
290 322 718 406 11.11-13.]

850 336 930 387 ΙΝ
983 337 1088 387 ΕΡ.
1135 338 1238 387 AD
1284 336 2039 387 THESSALONICENSES
2088 338 2133 387 1.
2635 340 2706 403 13

285 515 349 568 et
377 505 539 569 iuste
567 518 630 570 et
655 507 794 571 sine
833 506 1089 589 querela
1129 506 1310 569 uobis
1343 506 1460 589 qui
1493 506 1864 571 credidistis
1873 531 1902 581 ,·
1957 507 2135 589 apud
2179 527 2378 590 quern
2412 507 2711 571 maxime

265 610 374 689 ‚de
403 609 507 672 his
537 620 735 674 cauta
764 610 1057 693 cognitio
1087 609 1314 673 haberi
1349 610 1717 673 uidebatur.

419 773 483 828 et
531 764 861 849 testificati
906 784 1138 827 sumus
1182 774 1259 827 ut
1301 763 1648 827 ambuletis
1691 764 1889 845 digne
1931 764 2085 842 Deo,
2132 765 2251 848 qui
2298 766 2555 829 uocauit
2597 787 2712 830 uos

290 868 362 931 in
407 888 676 951 reg-num
720 888 912 930 suum
956 877 1020 929 et
1048 867 1361 950 gloriam.

416 995 589 1058 bene
637 994 793 1078 quia
839 995 1060 1076 posuit
1109 992 1436 1076 testificati
1473 1014 1716 1071 sumus,
1766 996 1860 1058 ita
1907 1006 1982 1059 ut
2025 997 2341 1060 ostendat
2386 998 2707 1080 quoniam

291 1098 356 1159 in
391 1098 714 1179 principio
745 1096 909 1159 haec
943 1098 1086 1177 ipsa
1117 1095 1246 1158 illis
1277 1094 1691 1178 loquebatur,
1725 1098 1903 1178 quod
1938 1098 2295 1160 conueniat
2326 1118 2440 1160 eos
2472 1098 2711 1180 dignos

291 1198 537 1260 habere
576 1208 779 1271 actuS,
814 1196 1056 1278 quibus
1097 1196 1357 1279 placere
1400 1198 1661 1279 possint
1690 1198 1785 1261 illi
1828 1199 1941 1282 qui
1975 1220 2089 1262 eos
2123 1200 2388 1262 uocauit
2421 1200 2487 1262 in
2520 1220 2707 1262 suam

291 1300 740 1380 cognitionem
796 1320 948 1361 curn
1003 1320 1249 1380 magna
1295 1299 1663 1363 futurorum
1718 1302 2195 1383 promissione;
2268 1322 2389 1383 pro
2441 1300 2711 1363 honoris

293 1403 754 1483 magnitudine
813 1404 1016 1466 etiam
1071 1404 1256 1485 paria
1309 1423 1423 1465 eos
1484 1424 1680 1486 agere
1739 1405 2068 1467 conuenit.

291 1506 530 1568 iterum
585 1508 668 1570 ad
721 1507 980 1569 illorum
1037 1508 1270 1569 transit
1319 1527 1694 1589 personam,
1742 1508 2013 1590 quando
2061 1507 2331 1590 quidem
2382 1508 2493 1571 illa
2541 1529 2712 1591 quae
2748 1532 2825 1578 10

2178 1415 2246 1468 et
2305 1406 2533 1468 dicens
2593 1426 2712 1468 sua

293 1619 360 1673 et
410 1630 566 1691 erga
613 1632 684 1673 se
725 1622 880 1674 sunt
921 1629 1470 1686 commemorans
1504 1621 1580 1674 ut
1621 1630 1737 1673 eos
1774 1612 1859 1672 ad
1902 1610 2339 1674 reuerentiam
2380 1609 2713 1685 adducat;

291 1712 564 1794 quando
611 1734 766 1775 uero
808 1714 892 1775 ad
936 1712 1201 1776 laudem
1246 1732 1473 1774 eorum
1507 1732 1653 1775 sese
1684 1721 1888 1795 aptat,
1933 1722 2007 1776 ut
2038 1732 2265 1775 eorum
2301 1712 2710 1776 alacritatem

293 1814 411 1877 tali
458 1816 679 1877 studio
725 1816 940 1897 magis
985 1815 1302 1877 suscitare
1349 1815 1689 1878 uideatur:

425 1976 488 2030 et
513 1976 778 2048 propter
816 1966 932 2030 lzoc
971 1978 1034 2030 et
1073 1988 1188 2029 nos
1218 1968 1490 2049 gratias
1538 1968 1806 2050 agimus
1846 1968 1985 2031 Deo
2035 1968 2177 2030 sine
2228 1967 2715 2044 intermissione,

294 2070 602 2152 quoniam
640 2092 782 2133 cum
821 2069 1250 2151 suscepissetis
1277 2093 1319 2134 a
1351 2070 1532 2133 nobis
1568 2072 1835 2135 uerbum
1875 2072 2145 2134 auditus
2174 2072 2323 2150 Dei,
2354 2072 2718 2154 suscepistis
2750 2085 2818 2152 15

297 2195 422 2237 non
464 2174 635 2237 sicut
675 2175 938 2237 uerbum
982 2172 1338 2246 hominum,
1384 2174 1502 2237 sed
1539 2174 1712 2238 sicut
1758 2185 1855 2239 est
1895 2196 2060 2251 uere,
2106 2176 2371 2239 uerbum
2416 2176 2562 2251 Dei,
2602 2177 2723 2259 qui

297 2286 360 2338 et
403 2276 774 2357 inoperatur
817 2276 888 2339 in
933 2275 1114 2357 uobis
1155 2277 1274 2359 qui
1311 2276 1699 2341 credidistis.

430 2408 531 2467 ‘et
579 2401 740 2465 talia
791 2404 1060 2485 quidem
1114 2413 1305 2467 erant
1353 2414 1618 2483 nostra;
1690 2425 1825 2467 non
1878 2404 2153 2467 deerant
2206 2414 2429 2466 autem
2486 2413 2553 2467 et
2605 2404 2716 2467 illa

297 2528 471 2591 quae
519 2528 559 2570 a
603 2506 793 2569 uobis
841 2516 1010 2570 sunt.
1101 2506 1278 2570 unde
1327 2517 1396 2571 et
1442 2507 1693 2590 gratias
1738 2529 1936 2590 agere
1983 2507 2132 2571 Deo
2177 2529 2299 2591 pro
2345 2508 2535 2571 uobis
2580 2529 2715 2573 non

299 2631 652 2686 cessamus
682 2611 1000 2693 quoniam
1036 2610 1470 2692 suscipientes
1502 2631 1541 2673 a
1573 2609 1766 2673 nobis
1801 2610 1926 2674 Dei
1960 2610 2349 2687 doctrinam,
2382 2631 2515 2675 non
2548 2612 2718 2675 sicut
2746 2626 2831 2672 20

399 2813 428 2846 *ι
451 2799 636 2848 habere
656 2799 699 2848 C
710 2798 777 2847 H
776 2813 809 2846 r

307 2883 351 2931 C
358 2881 387 2907 ⁴*
403 2883 469 2931 Η
529 2881 691 2930 oneris
719 2881 761 2930 C
783 2881 931 2940 (corr)
999 2881 1162 2930 omnis
1185 2897 1218 2928 r

303 2963 655 3012 reuelationem
679 2962 798 3026 (sor
818 2963 997 3020 reuer.)
1021 2979 1054 3010 r

299 3049 380 3091 txt
399 3059 431 3090 r
455 3040 463 3106 Ι
493 3058 546 3092 se
569 3058 602 3090 r
798 3054 854 3104 17
891 3048 1126 3106 operatur
1147 3058 1178 3090 r

303 3205 525 3266 Riinsch,
548 3204 700 3262 Itala,
720 3220 772 3268 p.
789 3217 903 3268 373.
955 3204 1138 3254 Thdt.:
1173 3207 1260 3253 τοῦ
1283 3206 1334 3253 δέ
1357 3207 1468 3253 θεοῦ

301 3291 392 3348 τὴν
433 3288 698 3348 μαρτυρίαν
743 3285 1107 3347 προστέθεικεν·
1153 3286 1322 3344 ἐπειδὴ
1365 3287 1465 3334 τοῖς

302 3371 566 3431 ἀνθριῖητοις
605 3369 730 3426 δῆλα
771 3368 836 3414 τὰ
873 3363 1092 3428 ὁρώμενα
1129 3365 1272 3426 μόνα,
1309 3365 1381 3428 τῷ
1414 3367 1465 3415 δὲ

303 3445 400 3509 θεῷ
415 3450 496 3496 καὶ
519 3447 584 3495 τιὶ
605 3449 712 3496 τοὺς
733 3445 1012 3507 ἀνθρώπους
1034 3445 1384 3505 λανθανὸμενα.

371 3545 418 3591 3.
484 3536 529 3578 et
577 3528 826 3592 testificati
875 3527 1071 3588 sumus]
1151 3529 1231 3575 καὶ
1287 3543 1464 3589 μαρτυ-

300 3615 506 3678 ρόμενοι.
585 3612 694 3660 Our
737 3611 1005 3661 translator
1045 3609 1138 3658 has
1182 3609 1350 3658 mixed
1395 3625 1464 3672 up

302 3695 390 3746 the
433 3703 536 3746 two
579 3693 942 3742 constructions
975 3699 1020 3740 et
1062 3691 1308 3756 testificati
1345 3691 1464 3754 (⁶⁴et

302 3773 674 3832 testificantes,‘’
691 3775 756 3825 O.
783 3770 881 3836 L.),
903 3773 1004 3822 and
1026 3772 1275 3836 testificati
1292 3787 1466 3820 sumus

307 3856 520 3926 (Vulg.).

370 3957 420 4008 9.
475 3940 633 4005 paria
671 3953 750 3988 eos
791 3953 931 4002 agere
970 3936 1221 3997 conuenit]
1286 3935 1465 3985 Thdt.:

303 4027 460 4073 ταῦτα
498 4024 553 4072 δὲ
589 4023 782 4071 ἐποίουν
817 4019 1005 4084 (φησιν)
1034 4021 1316 4083 προτρέπων
1350 4013 1468 4076 ὑμᾶς

303 4105 619 4167 κατάλληλον
635 4105 834 4154 ἑλέσθαι
855 4104 962 4168 βίον
981 4103 1052 4163 τῷ
1075 4099 1331 4160 κεκληκότι
1355 4099 1462 4160 θεῷ,

377 4203 454 4239 10·
514 4184 714 4250 quando
733 4183 947 4248 quidem.
959 4182 1195 4247 ..quando
1211 4181 1368 4242 ueroJ'
1383 4179 1464 4232 Cf.

307 4283 347 4320 1.
372 4284 424 4335 p.
453 4281 531 4332 74,
566 4267 600 4316 l.
631 4281 677 4330 3,
702 4273 837 4316 note.
907 4263 1050 4313 With
1073 4263 1159 4312 the
1190 4278 1373 4312 comm.
1397 4262 1458 4312 cf.

305 4351 492 4401 Thdt.:
528 4351 698 4406 ἐπειδὴ
727 4345 796 4408 τῇ
827 4347 1140 4408 διαμαρτυρίᾳ
1175 4345 1275 4393 δέος
1310 4344 1466 4403 ἐνέθη-

306 4449 406 4490 κεν,
457 4431 554 4479 τοῖς
610 4429 822 4477 ἐπαίνοις
877 4423 1269 4505 παρεμυθήσατο.
1341 4423 1466 4473 Lan-

918 2809 944 2859 5
970 2796 1158 2861 quippe
1179 2796 1295 2859 (jor
1308 2797 1445 2861 quia)
1465 2813 1498 2846 r
1591 2795 1623 2845 6
1658 2795 1959 2861 principium
1979 2795 2057 2845 C*
2160 2797 2189 2845 8
2213 2812 2339 2845 onus
2364 2797 2479 2861 (sor
2498 2797 2719 2861 honoris)

1373 2897 1392 2929 1
1409 2897 1428 2929 1
1466 2880 1532 2929 ad
1556 2880 1653 2930 hoc
1676 2887 2033 2929 commemorat
2060 2877 2172 2944 (for
2190 2878 2601 2944 commemorans)
2626 2898 2659 2930 r
2685 2879 2694 2943 Ι

1237 2975 1292 3011 1¹2
1327 2962 1531 3026 quando
1554 2960 1756 3024 quidem
1778 2975 1900 3010 uero
1930 2961 1973 3008 C
1994 2960 2141 3020 (corr)
2174 2959 2181 3022 Ι
2208 2967 2259 3010 et
2284 2961 2401 3024 (sor
2420 2962 2504 3020 ad)
2534 2961 2611 3009 C*
2635 2962 2717 3010 H:

1378 3043 1434 3090 18
1468 3047 1518 3090 et
1542 3041 1642 3089 alia
1670 3041 1713 3089 C
1732 3041 1799 3089 Η
1856 3048 1905 3090 et
1928 3039 2139 3089 aliorum
2165 3056 2221 3089 r:
2258 3047 2337 3088 txt
2357 3040 2481 3104 conj.
2506 3041 2681 3104 Jacobi

1559 3203 1699 3254 franc
1735 3205 1920 3254 inverts
1955 3205 2055 3254 this
2095 3219 2327 3268 passage:
2367 3206 2582 3253 “eorum
2617 3205 2719 3254 lau-

1561 3287 1679 3335 dem
1705 3293 2081 3344 commemorat.
2104 3295 2159 3335 ut
2189 3286 2386 3335 illorum
2415 3286 2722 3336 alacritatem

1560 3365 1791 3425 suscitet3
1825 3380 1953 3430 quae
1976 3381 2095 3429 erga
2122 3379 2176 3413 se
2206 3373 2319 3414 sunt
2346 3373 2721 3420 commemorat,

1561 3453 1614 3495 ut
1640 3461 1725 3494 eos
1746 3445 1811 3494 ad
1835 3445 2161 3494 reverentiam
2184 3444 2413 3494 adducat.
2425 3443 2453 3465 ”

1631 3541 1708 3588 15.
1773 3525 2449 3590 suscepissetis..‚susceptis-tis]
2500 3513 2722 3588 παραλα-

1559 3607 1741 3672 βόντες.
1752 3647 1762 3657 .
1773 3609 2034 3668 ἐδέξασθε.
2104 3606 2273 3669 Vulg.,
2300 3609 2313 3632 ‘
2322 3607 2656 3670 ‘accepissetis
2664 3644 2674 3656 .
2684 3645 2695 3656 .
2705 3645 2715 3655 .

1561 3687 1878 3752 accepistiS.”
1942 3688 2053 3737 The
2078 3687 2143 3736 O.
2180 3687 2241 3736 L.
2276 3687 2457 3750 sought
2490 3697 2544 3736 to
2580 3687 2721 3736 mark

1562 3771 1647 3820 the
1671 3771 1936 3820 difference
1958 3771 2015 3820 os
2032 3770 2116 3819 the
2139 3771 2311 3819 verbs:
2335 3769 2716 3834 percepissetis...

1561 3854 1810 3917 excepistis
1846 3853 2106 3914 (Clarom.,
2147 3853 2325 3916 Aug.),
2365 3852 2718 3916 accepissetis...

1562 3934 1837 3998 suscepistis
1862 3931 2169 3998 (Ambrstr.).
2229 3935 2333 3995 Qui
2350 3939 2395 3982 et
2414 3933 2716 3998 inoperatur,

1563 4017 1612 4063 ὃς
1650 4015 1729 4062 καὶ
1768 4014 2051 4076 ἐνεργεῖται.
2122 4013 2193 4062 So
2228 4012 2401 4077 Vulg.,
2439 4012 2566 4077 “qui
2603 4029 2721 4078 ope-

1561 4093 1749 4146 ratur-’⁹
1818 4095 1881 4144 In
1924 4095 2009 4143 the
2050 4094 2115 4143 Ο.
2151 4095 2212 4143 L.
2248 4093 2333 4143 the
2377 4094 2582 4144 relative
2620 4111 2723 4144 was

1560 4177 1778 4228 referred
1824 4184 1877 4227 to
1921 4173 2085 4239 λόγον,
2132 4176 2233 4226 and
2271 4176 2370 4225 this
2414 4191 2625 4240 appears
2669 4184 2723 4226 to

1561 4261 1691 4310 have
1718 4262 1847 4311 been
1885 4259 1970 4310 the
2000 4258 2335 4310 construction
2371 4259 2622 4324 preferred
2654 4261 2723 4324 by

1563 4342 1694 4401 Th.;
1728 4341 1792 4390 cs.
1817 4357 1867 4405 p.
1898 4357 1973 4400 14,
1998 4339 2031 4388 l.
2061 4355 2087 4388 α
2106 4353 2216 4404 sq.;
2250 4341 2342 4403 qui
2366 4340 2420 4399 (l.
2446 4337 2497 4401 6)
2522 4355 2637 4402 may
2658 4341 2723 4390 be

1563 4423 1753 4486 merely
1774 4439 1839 4471 an
1863 4422 1989 4471 echo
2012 4421 2070 4470 of
2087 4422 2151 4471 ὅς.
