3250 5025
311 318 403 385 11.
437 319 522 404 9.]

1031 331 1112 382 IN
1162 330 1268 382 ΕΡ.
1312 329 1416 380 AD
1461 328 1930 382 TIMOTHEUM
1980 331 2023 380 1.
2646 334 2725 399 91

443 527 598 570 nam
646 505 828 589 quod
874 503 1166 596 dixit-in
1195 504 1378 568 omni
1411 503 1554 581 loce,
1584 503 2003 568 reddendum
2044 511 2149 566 est
2192 500 2285 566 illi
2326 501 2508 568 dicto
2541 503 2730 586 quod

299 591 489 676 'dixit
533 608 891 674 extollentes
932 617 1191 672 sanctas
1235 627 1471 672 manus
1487 631 1518 683 ,·
1571 606 1703 670 hoc
1746 606 1925 669 enim
1966 604 2127 669 dicit
2173 605 2490 687 quoniam
2532 607 2548 638 ‘
2575 605 2733 670 uolo

312 733 542 776 eorum
573 712 709 776 tale
752 731 898 775 esse
939 713 1316 776 institutum
1361 711 1456 774 ita
1485 720 1561 775 ut
1591 731 1857 794 semper
1892 717 2177 784 orantes,
2208 709 2275 772 in
2309 729 2734 791 quocumque

311 816 460 880 loco
510 815 881 878 orationem
943 813 1159 877 facere
1216 813 1544 890 uidentur,
1605 822 1871 876 sanctas
1946 811 2033 876 ad
2113 811 2335 876 Deum
2398 811 2735 898 extollant

313 913 587 980 manus.⁹

677 934 832 978 nam
881 924 1140 978 sanctas
1193 935 1430 977 manus
1473 915 1561 978 ab
1605 915 1880 978 arbitrio
1924 914 2199 977 euidens
2245 923 2348 976 est
2392 934 2545 977 eum
2580 912 2733 976 dix-

313 1021 484 1098 isse;
559 1017 736 1082 unde
796 1028 865 1081 et
926 1017 1366 1100 interpretans
1414 1016 1984 1100 quemadmodum
2045 1018 2353 1079 extensio
2413 1035 2733 1079 manuum

312 1123 525 1206 possit
566 1141 712 1184 esse
751 1129 1002 1195 sancta,
1045 1119 1279 1182 adicit:
1327 1128 1571 1202 exapta
1619 1119 1725 1182 ira
1764 1129 1829 1182 et
1868 1115 2327 1201 disceptatione.
2418 1140 2734 1204 compen-

313 1228 502 1290 diose
560 1224 928 1306 perfectam
1003 1223 1069 1286 in
1130 1223 1234 1286 his
1307 1222 1611 1288 definiuit
1687 1224 2019 1288 uirtutem.
2110 1245 2264 1289 nam
2327 1225 2507 1309 quod
2573 1225 2736 1290 dicit

309 1338 556 1411 excepta
589 1327 708 1402 ira,
742 1325 869 1389 hoc
903 1335 1020 1401 est,
1057 1325 1424 1388 ‘neminem
1468 1324 1817 1388 hominurn
1854 1327 2159 1390 odientes
2182 1349 2198 1404 ;
2224 1325 2239 1352 ’
2285 1329 2465 1411 quod
2506 1337 2733 1391 autem

312 1432 491 1495 dixit
521 1429 982 1513 disceptatione,
1016 1440 1091 1494 ut
1132 1430 1314 1494 dicat
1343 1429 1561 1493 ‘fideli
1603 1439 1832 1493 mente
1872 1431 2146 1495 minime
2192 1432 2577 1495 dubitantes
2616 1431 2735 1496 illa
2771 1446 2849 1496 10

311 1534 612 1617 accipere
651 1554 823 1616 quae
871 1531 1254 1617 postulant!
1343 1555 1432 1597 ex
1487 1533 1699 1598 altero
1750 1536 1925 1598 enim
1968 1535 2314 1599 caritatem
2363 1557 2535 1618 quae
2576 1557 2735 1618 erga

311 1636 698 1721 proximum
732 1645 833 1701 est
863 1637 1044 1700 uisus
1090 1647 1192 1700 est
1222 1637 1670 1715 confirmasse,
1703 1658 1794 1701 ex
1835 1637 2047 1702 altero
2088 1658 2247 1700 uero
2288 1659 2447 1721 erga
2490 1639 2733 1702 Deum.

313 1738 644 1824 siquidem
695 1738 806 1802 ille
854 1740 967 1822 qui
1017 1739 1294 1803 firmiter
1339 1740 1551 1802 credit
1605 1740 1757 1808 Deo
1806 1741 2123 1822 quoniam
2177 1740 2296 1804 dat
2342 1739 2535 1804 nobis
2590 1741 2733 1804 sine

315 1843 569 1907 inuidia
602 1863 1062 1926 quaecumque
1099 1843 1659 1926 postulauerimus
1700 1843 1789 1907 ab
1834 1865 1931 1922 e0,
1952 1865 2367 1927 consequens
2413 1853 2515 1909 est
2560 1854 2629 1908 et
2661 1853 2735 1908 ut

313 1949 552 2032 diligat
605 1948 793 2013 illum
853 1958 1090 2032 utpote
1148 1950 1475 2014 bonorum
1535 1949 1935 2031 largitorem.
2027 1950 2289 2028 deinde,
2357 1949 2585 2012 dicens
2650 1949 2734 2012 de
2772 1961 2843 2030 15

316 2051 502 2132 uiriS,
535 2052 741 2116 adicit
767 2073 784 2115 ε

446 2185 755 2250 similiter
778 2195 993 2250 autem
1032 2197 1096 2250 et
1123 2187 1431 2252 mulieres.

454 2296 625 2360 bene
654 2303 883 2360 autem
923 2297 1100 2361 dixit
1139 2298 1462 2376 similiter,
1495 2299 1858 2362 ostendens
1901 2299 2217 2381 quoniam
2263 2298 2579 2364 discreuit
2620 2320 2733 2364 eas

324 2421 462 2467 non
489 2399 615 2464 hac
647 2400 919 2477 ratione,
963 2420 1120 2464 nam
1159 2401 1287 2465 ista
1330 2400 1637 2464 similiter
1676 2408 1743 2464 et
1780 2401 1938 2464 uiris
1968 2401 2204 2465 adesse
2242 2411 2312 2466 et
2349 2402 2735 2468 mulieribus

317 2505 504 2590 cupit
531 2526 548 2585 ;
595 2507 714 2569 sed
749 2513 816 2568 et
846 2490 1216 2570 ceterorum
1247 2527 1448 2570 causa
1491 2506 1579 2570 de
1610 2506 1851 2590 quibus
1888 2505 1993 2571 uel
2038 2507 2337 2573 maxime
2379 2507 2737 2574 exhortare
2766 2526 2852 2575 20

319 2608 632 2675 mulieres
665 2610 1031 2673 necessarie
1062 2609 1430 2674 uidebatur.
1519 2610 1701 2674 unde
1731 2619 1800 2674 et
1830 2609 2033 2674 adicit
2062 2631 2077 2675 :

422 2759 443 2794 1
492 2758 596 2808 quo
635 2744 758 2808 (for
787 2744 924 2809 quod
960 2741 1030 2807 2⁰)
1048 2744 1118 2793 H

326 2840 384 2889 13
420 2824 492 2874 sic
512 2824 718 2889 quidem
746 2826 790 2875 C
799 2841 832 2874 r

323 2922 391 2957 ἰο
430 2921 629 2955 causam
666 2907 734 2955 H
738 2922 771 2955 r

389 3034 436 3071 1.
502 3036 624 3071 nam
655 3021 792 3085 quod
816 3022 966 3080 dix-12,
989 3021 1228 3085 &c.]=rd
1268 3022 1371 3086 ‘ydp
1405 3026 1482 3075 ’ἐν

323 3108 469 3156 παντὶ
491 3103 654 3169 τότ-φ’
675 3104 746 3169 τῷ
772 3106 1083 3169 ’ἐπαίροντας
1110 3105 1268 3158 ὁσίους
1297 3107 1483 3171 χεῖρας’

321 3188 602 3240 ἀποδοτέον.
674 3189 787 3239 The
819 3188 989 3253 object
1021 3187 1081 3238 of
1109 3188 1209 3239 this
1241 3198 1482 3254 punctua-

319 3273 430 3323 tion
451 3273 494 3323 is
517 3282 570 3323 to
592 3270 744 3321 avoid
767 3272 853 3321 the
874 3270 1124 3321 inference
1145 3271 1254 3320 that
1277 3271 1361 3320 the
1380 3272 1483 3337 Ap.

321 3352 668 3403 recommends
705 3352 790 3401 the
829 3352 1136 3401 ostentation
1173 3351 1338 3401 which
1375 3351 1484 3402 Our

323 3434 462 3485 Lotd
485 3434 799 3498 discourages
825 3434 998 3495 (Matt.
1015 3433 1081 3483 vi.
1106 3432 1186 3499 5)3
1220 3433 1283 3484 cf.
1301 3433 1482 3497 Chrys.

321 3516 397 3565 ad
431 3515 484 3563 k.
510 3516 560 3563 -ἱ,
633 3516 688 3565 S.
730 3516 855 3565 Paul
901 3516 1022 3565 does
1066 3523 1155 3565 not
1199 3530 1287 3581 say
1333 3517 1485 3581 ‘pray

319 3592 669 3659 everywhere‚’
691 3594 798 3653 but,
828 3596 842 3619 ⁸
855 3595 1108 3645 wherever
1129 3612 1230 3659 you
1250 3612 1390 3661 pray,
1413 3597 1484 3646 let

320 3677 408 3727 the
431 3676 592 3726 hands
614 3691 714 3739 you
736 3674 812 3725 list
835 3692 903 3740 up
928 3682 981 3725 to
1005 3676 1120 3727 God
1143 3677 1207 3727 be
1228 3677 1389 3743 pure.’

391 3772 439 3822 5.
507 3764 520 3785 ‘
535 3764 736 3807 sanctas
758 3774 942 3807 manus
956 3756 969 3779 ’
1012 3758 1074 3807 ab
1107 3760 1329 3819 arbitrri),
1369 3758 1484 3821 ἀφ]

323 3838 532 3903 Ch1yS.=
565 3841 658 3899 οὐχ
693 3838 832 3887 ὕδατι
869 3840 1173 3899 utrolibet,
1203 3837 1335 3888 ἀλλὰ
1365 3843 1486 3889 πλε-

325 3924 524 3983 ονεξίας,
549 3924 722 3983 φόνων,
749 3920 985 3985 ἁρπαγῆς,
1015 3922 1238 3981 πληγῶν,
1261 3920 1486 3983 καθαράς.

325 4003 517 4067 Origen
553 4002 629 4063 (in
654 4003 799 4051 Rom.
829 4000 878 4067 6)
913 4002 1014 4051 had
1048 4003 1352 4067 anticipated
1386 4003 1486 4053 this

324 4082 662 4149 explanation,
691 4083 791 4132 and
823 4084 973 4149 given
1007 4083 1072 4133 its
1103 4084 1315 4148 positive
1349 4086 1483 4136 side:

332 4168 369 4194 ‘⁸
384 4182 560 4216 manus
601 4173 802 4215 sanctae
851 4166 1084 4215 dicuntur
1126 4182 1256 4230 quae
1299 4167 1484 4217 sanctis

327 4246 561 4312 operibus
593 4243 1032 4295 ministrauerint.’‘
1099 4244 1181 4295 cf.
1207 4233 1369 4296 Clem.
1397 4247 1480 4307 R..

339 4344 356 4378 1
391 4328 502 4378 Cor.
534 4340 614 4393 29.
1457 4324 1468 4335 '

395 4422 438 4470 7.
511 4414 702 4472 excepta
740 4407 842 4469 ira]
914 4409 1058 4471 χωρὶς
1096 4407 1254 4469 ὀργῆς.
1329 4408 1407 4458 Cf.
1445 4421 1481 4460 1.

1323 2744 1354 2793 8
1399 2744 1572 2795 definit
1596 2713 1688 2794 cr*

1010 2822 1070 2875 16
1115 2824 1406 2876 mulieribus
1428 2826 1546 2891 (for
1562 2826 1704 2887 uiris)
1729 2842 1763 2875 r

1909 2760 1929 2795 1
1943 2761 1962 2795 1
2013 2760 2143 2809 quae
2184 2746 2441 2811 postulant
2484 2762 2591 2796 acc.
2630 2747 2699 2796 H
2707 2746 2736 2773 ⁴⁵

1947 2840 2006 2890 17
2042 2826 2105 2877 de
2128 2826 2241 2891 (bes
2246 2827 2499 2889 mulieres)
2516 2828 2620 2878 adl
2634 2827 2735 2878 H*

1581 3041 1633 3090 p.
1677 3040 1751 3083 ιο,
1785 3025 1820 3075 1.
1866 3022 1943 3083 16,
1975 3031 2113 3075 note.
2179 3024 2379 3087 Above,
2422 3026 2475 3076 in
2514 3026 2600 3077 the
2635 3032 2741 3080 text

1583 3106 1655 3172 (p.
1675 3120 1757 3171 90,
1781 3106 1813 3157 1.
1839 3107 1943 3167 πο),
1970 3108 2055 3156 the
2078 3106 2342 3157 translator
2353 3106 2455 3157 had
2472 3110 2739 3161 eontented

1581 3188 1791 3238 himself
1807 3187 1929 3237 with
1950 3188 2036 3237 the
2052 3188 2201 3253 Vulg.
2227 3190 2493 3255 rendering
2512 3192 2619 3241 sine
2640 3192 2739 3241 ira.

1649 3285 1699 3335 9.
1764 3268 1992 3330 odientes]
2019 3270 2235 3331 Ronsch,
2258 3271 2410 3331 Itala,
2440 3287 2493 3336 p.
2519 3275 2631 3322 282.

1656 3365 1731 3402 ιο.
1808 3350 2207 3416 ‘disceptationi-st
2239 3359 2299 3401 ut
2327 3353 2475 3411 dieat,
2511 3354 2629 3416 &cz-1
2670 3355 2741 3407 So

1559 3430 1765 3481 ·Thdt.:
1806 3429 1912 3479 ἀντὶ
1942 3428 2031 3480 τοῦ
2063 3429 2383 3494 ’ἀμφιβολίας
2416 3432 2597 3494 ’χωρίς-3
2630 3452 2739 3484 πισ-

1582 3514 1733 3561 τεύων
1763 3510 1837 3561 ὅτι
1869 3510 2011 3576 λήψῃ
2043 3512 2236 3564 πάντως
2268 3512 2390 3576 ὅπερ
2422 3516 2583 3566 αἰτεῖς.
2657 3516 2735 3567 Cf.

1585 3596 1641 3645 S.
1666 3595 1816 3644 Mark
1847 3595 1916 3643 xi.
1942 3610 2021 3658 23,
2047 3609 2126 3659 24.
2196 3594 2309 3644 The
2347 3595 2447 3646 Gk.
2486 3612 2739 3647 commen·

1581 3684 1741 3727 tators
1762 3677 1889 3726 from
1914 3676 2089 3741 Chrys,
2117 3677 2431 3727 downwards
2453 3694 2537 3729 are
2558 3681 2742 3743 agreed

1583 3776 1723 3824 upon
1746 3760 1843 3809 this
1860 3759 2253 3824 interpretation.
2290 3762 2479 3825 Origen
2496 3762 2573 3822 (in
2592 3764 2737 3815 Rom.

1592 3842 1673 3903 ιο)
1700 3836 2023 3891 'understood
2073 3843 2089 3868 ‘
2112 3842 2401 3907 wandering
2443 3844 2683 3909 thoughts
2696 3844 2740 3896 ’:

1586 3924 1618 3947 “
1636 3921 1729 3971 etsi
1764 3921 1861 3971 hoc
1890 3922 2003 3987 quis
2034 3923 2261 3973 obtinere
2296 3926 2512 3989 potuerit
2543 3934 2599 3976 ut
2636 3928 2743 3979 sine

1583 4002 1664 4051 ira
1701 4002 1781 4061 sit,
1816 4004 1901 4052 uix
1934 4012 2009 4053 est
2042 4012 2093 4054 ut
2130 4004 2331 4070 effugiat
2366 4022 2473 4056 esse
2506 4007 2617 4057 sine
2644 4009 2741 4057 dis·

1583 4086 1857 4148 ceptatione,
1893 4085 1945 4134 h.
1968 4102 2031 4145 e.,
2071 4087 2179 4138 sine
2215 4088 2475 4153 superfluis
2510 4097 2561 4140 et
2599 4090 2743 4141 uanis

1581 4166 2019 4231 cogitationibus.”

1657 4264 1731 4312 17.
1801 4249 2031 4300 similiter
2049 4258 2211 4301 autem
2232 4258 2277 4301 et
2305 4254 2553 4317 mulieres]
2587 4252 2739 4306 ὡσαύ-

1584 4347 1682 4379 τως
1705 4332 1762 4380 δὲ
1785 4334 1865 4381 καὶ
1885 4349 1935 4394 γ.
1966 4331 2044 4397 (ἲ).
2086 4334 2225 4385 With
2242 4335 2325 4387 the
2339 4352 2518 4388 comm.
2540 4338 2603 4389 cf.
2624 4354 2659 4391 1.
2684 4358 2735 4406 p.

1588 4424 1701 4473 ²45,
1730 4411 1761 4461 ¹·
1794 4426 1820 4474 5
1846 4428 1919 4475 sq.
