3250 5025
257 367 338 430 V.
373 381 432 449 7,
463 365 546 450 8.]
995 379 1076 430 IN
1124 379 1232 430 ΕΡ.
1279 379 1381 428 AD
1427 375 1893 428 TIMOTHEUM
1944 375 1984 425 1.

2568 375 2687 444 Ι57

256 563 328 618 et
357 555 580 618 uiuere
610 553 937 618 uideatur.
1014 573 1137 616 nec
1167 561 1393 615 autem
1430 549 1602 614 ultra
1646 547 1934 611 maritali
1966 549 2375 613 conscientia
2406 558 2690 626 tenetur,

259 679 476 741 neque
536 658 800 722 uirtutis
860 659 1084 722 studio
1144 657 1533 721 inlustratur
1557 679 1574 732 ;
1634 654 1751 718 sed
1814 654 1971 716 solis
2024 655 2238 736 epulis
2298 676 2379 718 ac
2436 655 2689 719 deliciis

258 783 499 826 uacare
523 781 902 844 properanS,
925 760 1088 824 nihil
1119 781 1208 823 ex
1243 760 1368 823 illis
1399 779 1572 840 quae
1590 758 1715 820 sibi
1740 758 2148 821 conueniunt
2174 757 2385 822 facere
2410 758 2689 841 poterit.’

259 875 329 928 et
360 865 593 929 uolens
624 864 1056 929 Timotheum
1089 885 1246 946 erga
1277 862 1481 926 talem
1515 862 2030 926 sollicitudinem
2064 862 2359 940 incitare,
2388 865 2668 928 adiecit:

391 1036 454 1089 et
479 1025 632 1088 haec
642 1023 951 1108 praecipe,
984 1035 1060 1088 ut
1088 1021 1679 1105 inreprehensibiles
1707 1021 1859 1085 sint.
2764 1040 2795 1107 5

395 1153 523 1218 hoc
567 1163 687 1230 est,
718 1159 824 1217 ‘et
867 1153 972 1216 his
1013 1153 1218 1217 dicito
1260 1161 1334 1215 ut
1380 1151 1635 1234 optime
1691 1150 1995 1213 uiuentes
2042 1160 2357 1214 maneant
2404 1152 2691 1235 inrepre-

265 1257 662 1322 hensibiles.'
752 1258 995 1323 deinde
1027 1257 1271 1321 adiecit
1298 1281 1312 1320 ε

394 1403 460 1465 si
513 1412 730 1466 autem
776 1401 924 1484 quis
971 1421 1235 1464 suorum
1286 1411 1350 1464 et
1394 1399 1677 1462 maxime
1734 1398 2222 1464 domesticorum
2279 1421 2505 1464 curam
2567 1420 2693 1464 non

265 1505 468 1583 habet,
480 1507 692 1590 fidem
723 1507 989 1588 negauit
1013 1517 1076 1570 et
1099 1517 1196 1570 est
1223 1505 1475 1589 infideli
1501 1504 1792 1569 deterior.

397 1632 526 1697 hoc
585 1636 671 1698 ad
733 1635 894 1698 illud
949 1633 1212 1698 retulit:
1285 1633 1351 1697 si
1405 1657 1534 1717 qua
1595 1653 1747 1698 uero
1800 1634 2009 1698 uidua
2038 1634 2229 1718 filios
2273 1647 2397 1701 aut
2452 1647 2695 1719 nepotes
2728 1660 2805 1708 10

270 1737 474 1812 ltabet,
505 1736 765 1801 discant
785 1737 1088 1821 primum
1128 1759 1318 1800 suam
1355 1738 1618 1800 domum
1663 1738 1859 1801 colere
1872 1760 1903 1814 ,·
1950 1760 2031 1802 eo
2080 1741 2261 1822 quod
2306 1740 2481 1804 dixit
2529 1761 2693 1822 quo-

271 1841 453 1903 niam
503 1848 770 1922 oportet
823 1849 896 1904 ut
950 1840 1102 1903 talis
1153 1841 1358 1904 uidua
1403 1862 1442 1903 a
1489 1840 1643 1904 filiis
1688 1852 1756 1904 et
1802 1842 2160 1923 nepotibus
2208 1846 2551 1921 nutriatur,
2601 1848 2695 1910 ita

271 1953 348 2007 ut
378 1943 540 2006 nihil
573 1943 699 2006 illis
730 1944 901 2007 desit
932 1943 1018 2006 de
1047 1941 1150 2005 his
1192 1964 1363 2025 quae
1395 1944 1490 2006 eis
1527 1955 1975 2009 necessantur.
2064 1946 2191 2009 hoc
2231 1949 2314 2010 de
2346 1949 2472 2012 illis
2503 1951 2697 2026 dixit,

272 2049 643 2111 admonens
688 2067 803 2110 eos
848 2056 925 2110 ut
975 2067 1134 2128 erga
1179 2056 1531 2128 parentum
1578 2047 1995 2130 diligentiam
2038 2050 2170 2113 sint
2214 2051 2491 2130 solliciti,
2535 2074 2699 2136 quo-

271 2151 454 2213 niam
504 2160 768 2232 oportet
816 2150 1125 2214 omnibus
1178 2151 1291 2233 qui
1347 2151 1538 2213 nobis
1587 2153 2087 2234 propinquitate
2136 2154 2501 2238 iunguntur
2552 2158 2699 2222 dili·
2735 2174 2805 2242 15

271 2254 570 2336 gentiam
615 2253 946 2318 adhibere.
1036 2256 1318 2317 maxime
1346 2253 1831 2320 domesticorum
1851 2281 1881 2332 ,·
1927 2267 2002 2321 ut
2043 2259 2239 2335 dicat,
2278 2265 2293 2292 ⁶
2314 2280 2542 2324 eorum
2586 2263 2699 2344 qui

276 2357 472 2420 nobis
505 2357 709 2421 nimia
739 2358 1236 2440 propinquitate
1267 2362 1527 2441 generis
1560 2361 1741 2442 iungi
1790 2363 2121 2440 uidentur,
2154 2371 2229 2426 ut
2274 2373 2437 2445 puta
2471 2375 2699 2445 mater,

276 2468 482 2542 pater,
515 2481 696 2537 auuS,
729 2459 918 2525 auia.’
1008 2461 1062 2524 si
1109 2462 1258 2545 quis
1291 2482 1448 2525 uero
1478 2462 1602 2525 hos
1635 2464 1933 2547 despicit,
1967 2465 2355 2531 manifestus
2387 2477 2489 2533 est
2520 2469 2699 2552 quod

279 2585 402 2629 nec
433 2563 587 2628 fidei
616 2585 842 2630 curam
875 2563 1078 2628 habet
1109 2565 1330 2641 ullam,
1364 2567 1484 2629 sed
1518 2577 1585 2630 et
1617 2566 1874 2651 infideli
1900 2570 1986 2633 sit
2015 2569 2297 2633 deterior
2310 2595 2341 2647 ,·
2374 2572 2514 2635 siue
2545 2574 2703 2655 quia

380 2732 400 2765 1
439 2716 598 2767 altera
624 2716 740 2781 (for
760 2716 910 2778 ultra)
935 2732 967 2763 r
1207 2737 1238 2780 4
1273 2718 1573 2768 et...adiecit
1595 2736 1673 2768 om
1698 2736 1731 2769 r
1754 2718 1761 2784 Ι
1792 2720 1946 2770 adicit
1974 2721 2018 2771 C

279 2798 348 2848 H
361 2814 394 2847 r
601 2810 628 2861 7
662 2798 816 2849 adicit
839 2815 872 2847 r
1088 2814 1148 2849 10
1180 2799 1390 2849 refertur
1414 2798 1526 2865 (sor
1544 2799 1732 2865 retulit)
1757 2802 1783 2851 Ι
1968 2817 2023 2852 12
2051 2802 2175 2853 tales
2198 2804 2381 2853 uiduae
2403 2804 2469 2854 H
2485 2807 2633 2866 (corr)
2664 2805 2673 2871 Ι

281 2881 434 2930 uidua
463 2897 542 2930 om
577 2898 610 2930 r
633 2880 641 2945 Ι
671 2882 954 2933 nutriantur
995 2880 1074 2931 C*
1099 2882 1165 2932 H
1188 2884 1337 2945 (corr)
1605 2898 1665 2946 13
1698 2887 1977 2937 necessaria
2009 2894 2125 2937 sunt
2160 2885 2273 2952 (sor
2302 2887 2639 2953 necessantur)
2674 2906 2708 2938 r

287 2976 343 3026 17
377 2963 532 3013 nimia
554 2965 700 3014 nobis
721 2982 754 3014 r
777 2966 786 3030 Ι
815 2967 1020 3031 iungere
1048 2965 1125 3017 C*
1150 2968 1219 3017 H
1233 2966 1242 3029 Ι
1273 2975 1414 3033 pater
1436 2975 1596 3018 mater
1617 2970 1687 3019 H
1900 2972 1958 3021 18
1991 2969 2192 3035 dispicit
2220 2969 2295 3020 C*
2345 2970 2586 3036 despiciat
2609 2989 2641 3021 r
2668 2970 2678 3037 Ι

285 3048 602 3099 manifestum
630 3049 717 3098 Cr
947 3062 1006 3114 19
1039 3054 1089 3097 et
1112 3063 1190 3095 om
1218 3063 1251 3096 r

2230 2736 2257 2785 5
2293 2722 2392 2773 hoc
2418 2722 2533 2787 (for
2550 2723 2701 2787 haec)

353 3196 396 3230 1.
464 3180 698 3229 maritali
728 3179 1040 3240 conscientia]
1109 3180 1124 3203 ‘
1139 3178 1216 3241 By
1239 3179 1324 3228 the
1347 3179 1438 3228 cir·

284 3268 571 3310 cumstance
592 3259 651 3309 of
673 3261 765 3309 her
793 3260 1024 3310 husband
1047 3259 1201 3323 being
1222 3259 1364 3323 privy
1386 3270 1440 3308 to

284 3342 418 3393 what
441 3342 529 3392 she
545 3339 706 3392 does.'

353 3442 400 3475 α.
483 3424 674 3475 deliciis
739 3436 916 3473 uacare
957 3420 1258 3487 properans]
1357 3422 1399 3470 C
1406 3420 1432 3470 s
1427 3454 1440 3469 .

286 3509 479 3573 Pelag.:
541 3506 674 3555 “hic
719 3506 934 3555 maxime
991 3504 1148 3553 nostri
1204 3504 1443 3568 temporis

285 3588 462 3639 uiduas
495 3587 670 3651 tangit,
707 3602 836 3651 quae
871 3601 986 3634 cum
1024 3583 1284 3633 hominem
1324 3598 1443 3632 suae

285 3678 490 3719 naturae
513 3667 862 3733 qualicumque
886 3679 1055 3728 panno
1078 3678 1182 3712 non
1209 3662 1442 3719 uestiant,

285 3750 502 3815 parietes
539 3746 770 3813 pretiosis
807 3760 1110 3797 marmorum
1147 3743 1324 3793 crustis
1360 3758 1443 3793 ex·

288 3827 522 3881 ornant.’'

358 3924 405 3972 5.
473 3916 524 3961 et
564 3910 680 3959 haec
725 3908 916 3974 praem]
985 3908 1074 3969 Se,
1102 3908 1229 3957 aster
1275 3906 1448 3972 Cypr.‚

293 3992 418 4043 Cod.
449 3992 671 4042 Clarom.
701 3991 802 4040 and
827 3989 1077 4039 Ambrstr.

362 4090 440 4125 10.
507 4072 594 4121 hoc
628 4072 702 4121 ad
732 4072 866 4121 illud
898 4070 1090 4133 retulit]
1157 4070 1237 4120 Cf.
1271 4078 1442 4136 supra,

293 4174 344 4223 p.
373 4168 481 4219 155,
507 4155 542 4204 1.
573 4167 648 4215 ιο,
683 4161 819 4204 note.
889 4153 1086 4218 Chrys..
1122 4152 1358 4203 followed
1381 4153 1448 4218 by

292 4242 418 4293 Oee.
478 4238 580 4289 and
629 4238 845 4303 Thpht.,
889 4238 1094 4303 regards
1148 4239 1235 4287 the
1300 4237 1450 4302 Ap.’s

291 4336 498 4373 censure
542 4334 598 4369 as
642 4318 866 4369 directed
909 4318 1104 4383 against
1149 4317 1235 4367 the
1267 4318 1450 4367 widow

293 4405 407 4453 who
430 4402 652 4467 neglects
673 4402 766 4451 her
786 4400 937 4451 home
959 4400 1122 4451 duties
1141 4399 1273 4461 (περὶ
1296 4400 1350 4447 δὲ
1365 4400 1452 4459 τῆς

295 4486 452 4550 χήρας
473 4486 629 4534 ταῦτά
653 4492 824 4547 φησιν,
846 4480 1010 4546 Oec.).
1075 4484 1144 4531 So
1167 4482 1450 4531 Ambrstr.:

1545 3180 1581 3206 ‘⁴
1599 3180 1731 3229 hanc
1765 3181 1967 3230 uiduam
2004 3197 2135 3246 quae
2167 3182 2426 3247 negligens
2457 3183 2549 3232 fuit
2572 3183 2705 3235 circa

1539 3276 1655 3309 suos
1668 3261 2334 3312 affectus...inhonorandam
2354 3264 2490 3313 dicit.
2502 3263 2534 3287 ”
2572 3266 2702 3314 Lan-

1539 3340 1679 3391 sranc
1710 3343 1835 3392 cites
1868 3343 2229 3392 hoa-...discam
2300 3344 2531 3408 Pelagius
2564 3348 2703 3409 gives

1541 3422 1667 3471 both
1688 3424 1855 3483 views‚
1876 3422 2088 3473 without
2120 3425 2423 3489 attempting
2444 3433 2499 3475 to
2520 3426 2697 3476 decide

1541 3503 1771 3555 between
1792 3506 1931 3555 them
1944 3524 1961 3567 ;
1993 3506 2147 3556 Thdt.
2174 3506 2433 3557 combines
2454 3508 2541 3558 the
2565 3516 2667 3557 two
2688 3526 2703 3559 ε

1539 3588 1683 3635 τοῦτο
1716 3589 1795 3636 καὶ
1824 3589 1936 3650 περὶ
1968 3584 2067 3637 τῶν
2095 3588 2315 3651 μητέρων
2350 3590 2431 3637 καὶ
2463 3592 2574 3652 περὶ
2606 3592 2706 3638 τῶν

1541 3667 1727 3714 παίδων
1750 3668 1950 3729 εἴρηκεν.

1615 3763 1693 3811 ¹3·
1760 3746 2092 3808 necessantur]
2160 3747 2241 3796 Cf.
2269 3759 2308 3796 1.
2349 3763 2402 3812 p.
2434 3762 2547 3811 251,
2580 3750 2614 3800 l.
2660 3765 2702 3807 1,

1544 3836 1679 3877 note.

1618 3907 1695 3959 16.
1762 3914 1823 3957 ut
1851 3908 1985 3958 dicat
2021 3910 2218 3957 ‘eorum
2254 3907 2381 3974 ψοζ’
2420 3908 2540 3975 &c.]
2615 3910 2698 3961 Cf.

1546 3990 1766 4057 Thpht.:
1801 3990 2065 4048 τουτέστιν,
2092 3986 2188 4039 τῶν
2209 3992 2327 4053 πρὸς
2346 3992 2533 4054 γένους.

1617 4085 1695 4134 19.
1760 4070 1869 4119 siue
1901 4070 2041 4135 quia,
2078 4069 2195 4131 δια]
2261 4070 2373 4121 The
2409 4072 2705 4124 alternative

1547 4152 1713 4203 clause
1735 4168 1896 4203 seems
1917 4162 1973 4203 to
1994 4154 2059 4203 be
2076 4153 2297 4219 wanting
2314 4170 2326 4212 3
2350 4154 2447 4205 itis
2470 4157 2704 4221 supplied

1548 4234 1618 4298 by
1654 4234 1864 4297 Chrys-t
1917 4236 2014 4283 καὶ
2060 4234 2159 4282 τὸν
2206 4234 2311 4283 τοῦ
2355 4236 2489 4283 θεοῦ
2531 4237 2702 4297 νόμον

1547 4319 1628 4367 καὶ
1673 4318 1758 4366 τὸν
1795 4313 1879 4377 τῆς
1922 4320 2110 4379 φύσεως
2160 4318 2314 4366 ἀδικεῖ
2358 4318 2385 4367 ὁ
2433 4318 2529 4366 τῶν
2573 4320 2706 4369 ἰδίων

1548 4398 1851 4459 καταμελῶν.
1921 4401 2143 4465 Perhaps
2164 4416 2195 4449 a
2217 4401 2319 4451 line
2336 4401 2426 4449 has
2442 4400 2595 4451 fallen
2614 4412 2701 4452 out

1546 4480 1674 4529 aster
1694 4481 1857 4543 posita
1878 4488 1945 4529 est
1960 4498 1979 4536 ,-
2011 4480 2112 4529 add
2144 4480 2421 4545 despexerit,
2451 4481 2555 4529 siue
2582 4483 2705 4545 quia
