3250 5025
401 2061 474 2127 15

495 267 578 332 88
1163 279 1620 332 THEODORUS
1684 279 2269 334 MOPSUESTENUS

2612 267 2729 352 [11.
2766 279 2822 348 5,
2852 265 2899 328 6

623 455 751 520 hoc
799 461 916 529 est,
971 450 1168 534 ‘quia
1213 458 1314 514 est
1359 447 1661 514 omnium
1715 448 2063 527 Dominus»,
2119 470 2251 512 non
2304 449 2588 513 aliorum
2638 446 2909 530 quidem

495 567 598 622 est
654 556 1002 632 DominuS,
1053 554 1336 618 aliorum
1391 573 1550 616 uero
1599 574 1733 617 non
1787 564 1925 631 est3
1992 554 2219 634 itaque
2269 572 2402 614 non
2449 560 2550 615 est
2596 548 2913 634 possibile

497 681 651 724 eum
683 659 1022 742 despicere
1054 658 1313 741 aliquos
1351 659 1542 740 quasi
1575 657 1830 722 alienos
1862 654 2427 743 sibimexistentes?

628 829 798 872 unus
824 819 888 872 et
915 807 1235 871 mediator
1259 806 1394 870 Dei
1416 815 1482 870 et
1505 805 1687 870 homi
1691 827 1866 883 num,
1896 806 2081 870 lzomo
2116 803 2419 871 Christus
2447 807 2647 870 Iesus.

631 938 781 1000 ‘sed
815 945 882 999 et
908 935 1020 999 ille
1052 934 1384 998 mediator
1414 936 1527 1018 qui
1561 956 1683 998 nos
1716 935 2021 999 homines
2069 935 2220 998 Deo
2251 936 2575 998 adnititur
2604 934 2916 1017 copulare

499 1061 670 1104 unus
730 1049 832 1103 est
893 1048 963 1103 et
1025 1041 1166 1115 iste,
1219 1047 1287 1102 et
1337 1038 1491 1102 hinc
1547 1040 1733 1103 homo
1786 1041 2151 1103 secundum
2214 1049 2521 1103 naturam
2582 1037 2918 1102 existens?

499 1152 875 1228 opportune
905 1142 1011 1206 uel
1044 1145 1343 1207 maxime
1373 1143 1502 1206 hoc
1533 1145 1598 1207 in
1638 1144 1786 1207 loco
1810 1151 1825 1176 ‘
1845 1144 2184 1207 hominem
2205 1143 2220 1169 '
2252 1165 2405 1207 eum
2438 1144 2721 1217 uocauit,
2744 1150 2822 1205 ut
2850 1151 2917 1204 et

501 1268 542 1310 a
586 1255 822 1310 natura
867 1247 1248 1326 ostenderet
1290 1248 1672 1311 donationis
1712 1249 2251 1312 communionem
2276 1270 2292 1327 ;
2340 1248 2650 1311 omnibus
2696 1267 2916 1310 neces-

501 1352 674 1414 sario
706 1351 772 1412 id
804 1351 1275 1415 confitentibus
1306 1353 1622 1434 quoniam
1657 1353 2106 1417 uniuersitatis
2152 1373 2305 1434 pars
2346 1353 2645 1416 existens
2686 1371 2918 1414 secun-

398 1470 477 1518 10
503 1454 664 1516 dum
714 1462 1020 1516 naturam
1083 1474 1506 1517 communem
1568 1455 1879 1518 omnibus
1939 1465 2163 1537 potest
2222 1476 2343 1538 per
2415 1455 2917 1519 similitudinem

505 1568 782 1622 naturae
829 1559 1262 1621 donationem
1311 1567 1666 1640 praestare.

1755 1561 1936 1622 unde
1986 1560 2149 1623 illud
2204 1561 2394 1643 quasi
2450 1560 2582 1623 iam
2646 1561 2711 1623 in
2761 1579 2918 1622 con-

505 1662 860 1726 fessionem
892 1664 1255 1728 deductum
1287 1663 1442 1727 hinc
1473 1664 1825 1745 accipienS‚
1856 1663 2061 1728 adicit
2087 1689 2102 1727 :

634 1807 753 1889 qui
776 1807 956 1870 dedit
991 1807 1265 1890 seszsum
1298 1806 1783 1890 redemptionem
1801 1817 1926 1888 pro
1953 1805 2265 1884 omnibus,
2301 1806 2735 1872 testimonium
2769 1818 2921 1872 tem-

491 1913 766 1992 poribus
791 1912 947 1976 suia

640 2059 796 2103 nam
836 2049 904 2103 et
932 2048 1060 2121 pro
1097 2037 1392 2102 omnibus
1425 2037 1608 2122 dedit
1644 2039 1961 2121 saprum:
2011 2058 2133 2102 nec
2174 2046 2399 2101 autem
2436 2059 2561 2122 pro
2591 2037 2927 2121 aliquibus

608 2211 637 2260 3
671 2197 940 2247 existantes
981 2197 1064 2246 C*
1081 2197 1150 2246 H
1210 2204 1462 2247 exstantes
1502 2198 1545 2246 C
1570 2195 1719 2261 (corr)

1215 2282 1246 2330 8
1278 2279 1725 2330 communitionem
1748 2279 1816 2328 H

1554 2375 1612 2424 13
1646 2376 1745 2426 que
1768 2359 1882 2424 (sor
1903 2359 2009 2423 qui)
2032 2357 2141 2408 H*

509 2287 710 2330 exstans
753 2282 796 2330 C
833 2281 985 2343 (corr)

507 2363 724 2414 sessione
759 2363 827 2411 H
972 2378 1026 2413 12
1063 2362 1330 2412 deductam
1365 2378 1398 2411 r

577 2503 626 2555 6.
694 2509 743 2553 et
775 2502 898 2551 hinc
933 2501 1094 2563 homo]
1167 2501 1387 2560 Correct,
1433 2500 1666 2566 perhaps»,

512 2592 559 2633 et
599 2583 680 2632 hic
722 2584 862 2632 homo
901 2583 1000 2641 (καὶ
1047 2578 1182 2631 οὗτος
1219 2579 1572 2643 ἅνθρωπος)-·“
1588 2580 1673 2629 the

516 2666 768 2715 Mediator
788 2665 895 2713 also
918 2664 960 2713 is
981 2680 1095 2720 one,
1119 2665 1219 2713 and
1243 2664 1351 2713 that
1380 2679 1479 2713 one
1507 2663 1675 2713 Medi·

515 2755 626 2797 ator
647 2747 690 2795 is
712 2762 742 2795 a
764 2744 914 2795 man!
983 2745 1164 2808 Comp.
1189 2745 1321 2808 Aug.
1351 2745 1410 2793 in
1432 2745 1516 2793 Ps.
1551 2758 1673 2804 103:

520 2832 556 2858 ‘·‘
567 2829 793 2878 Christus
823 2828 1235 2877 mediator...uon
1264 2827 1381 2891 quia
1405 2828 1561 2884 DeuS,
1585 2826 1674 2877 sed

515 2910 635 2975 quia
676 2907 898 2965 homo”;
954 2914 1099 2957 tract.
1149 2909 1206 2955 in
1249 2911 1301 2957 S.
1347 2908 1539 2972 Joann.
1579 2920 1675 2970 7²²

524 2992 988 3041 “mediator...non
1023 2990 1074 3039 in
1115 2997 1356 3054 quantum
1393 2990 1546 3049 Deus,
1587 2990 1675 3038 sed

516 3074 570 3122 in
613 3078 856 3137 quantum
899 3071 1052 3119 homo
1096 3078 1170 3120 est
1215 3068 1442 3119 Christus
1487 3067 1677 3120 Iesus.”

519 3154 638 3210 Th„
669 3154 918 3212 however,
953 3152 1006 3201 in
1038 3152 1116 3200 his
1151 3167 1410 3216 eagerness
1442 3158 1496 3201 to
1529 3152 1679 3201 make

520 3236 605 3285 the
623 3240 754 3283 most
772 3233 830 3282 os
839 3250 870 3282 a
895 3249 1102 3297 passage
1126 3234 1289 3283 which
1313 3242 1492 3283 asserts
1514 3250 1571 3283 so
1594 3250 1675 3282 ex-

519 3316 710 3381 pressly
733 3316 816 3364 the
835 3316 1022 3380 perfect
1044 3315 1306 3380 humanity
1319 3315 1377 3363 of
1395 3316 1501 3365 Our
1521 3316 1673 3375 Lord,

519 3398 611 3445 has
655 3394 960 3445 overlooked
1009 3395 1094 3444 the
1138 3396 1340 3444 witness
1385 3395 1547 3445 which
1593 3396 1679 3444 the

520 3484 646 3526 term
679 3476 880 3535 μεσίτης
913 3476 1055 3523 bears
1089 3481 1143 3523 to
1179 3476 1276 3523 His
1310 3482 1412 3525 two
1449 3482 1679 3535 natures3

521 3564 740 3608 contrast
763 3558 886 3606 with
919 3556 997 3605 his
1030 3556 1291 3605 one-sided
1323 3557 1602 3620 exposition
1630 3558 1689 3606 os

522 3643 588 3691 εἲς
633 3643 712 3689 καί
766 3640 1276 3699 μεσίτης...ᾶνθρωτος
1329 3640 1414 3688 the
1467 3640 1685 3689 sounder

522 3721 804 3785 exposition
838 3720 898 3769 of
925 3720 1160 3770 Irenaeus
1195 3718 1284 3783 (iii.
1321 3722 1396 3769 18.
1421 3720 1448 3777 ἕ
1473 3717 1550 3781 7):
1585 3720 1683 3766 ἔδει

522 3804 620 3864 ’γὰρ
652 3804 733 3851 τὸν
765 3802 971 3861 μεσίτην
1003 3802 1114 3849 θεοῦ
1133 3818 1189 3849 τε
1212 3802 1292 3849 καί
1315 3797 1579 3862 ἀνθρώπων
1602 3801 1683 3849 διὰ

523 3887 608 3943 τῆς
633 3884 755 3932 ίδίας
777 3880 918 3945 πρὸς
951 3882 1261 3942 ἑκατέρους
1295 3882 1585 3939 οἰκειότητος
1619 3882 1685 3929 είς

526 3966 694 4027 φιλίαν
719 3967 798 4012 καὶ
821 3966 1044 4019 ὁμόνοιαν
1066 3964 1173 4011 τοὺς
1207 3960 1508 4023 ἀμφοτέρους
1541 3978 1683 4011 συνα-

525 4049 722 4109 γαγεῖνε
760 4046 860 4094 and
895 4046 979 4093 the
1011 4045 1254 4108 fragment
1290 4044 1515 4093 ascribed
1547 4054 1598 4093 to
1623 4046 1677 4094 S.

530 4130 714 4193 Hilary
733 4126 926 4192 (Migne
944 4128 1005 4176 P.
1028 4127 1091 4196 L.
1114 4140 1188 4183 10.
1213 4124 1352 4189 724):
1395 4128 1522 4175 “ubi
1547 4128 1688 4177 homo

535 4211 768 4261 Christus
790 4216 878 4269 est,
901 4208 1153 4273 praecedit
1177 4208 1413 4257 mediator
1423 4209 1528 4257 Dei
1544 4216 1691 4272 atque

533 4294 807 4351 hominum,
839 4300 894 4340 ut
927 4306 993 4340 ex
1027 4298 1303 4355 utroque,
1339 4290 1467 4339 Deo
1500 4297 1557 4339 et
1591 4290 1687 4340 ho-

533 4374 707 4430 mine,
771 4388 920 4421 unus
975 4370 1286 4428 subsistat,
1345 4368 1506 4434 sitque
1561 4371 1691 4421 inter

2014 2194 2047 2246 6
2079 2202 2129 2245 et
2164 2195 2263 2244 iste
2294 2201 2369 2245 est
2404 2193 2469 2259 r}
2498 2194 2716 2244 existatis
2762 2193 2941 2243 C*H

2044 2293 2075 2341 9
2109 2278 2326 2326 existatis
2353 2277 2396 2326 C
2415 2278 2484 2326 H
2716 2292 2768 2326 11
2808 2292 2923 2326 con·

2302 2373 2357 2421 ¹5
2393 2361 2527 2407 enim
2552 2357 2669 2422 (for
2686 2360 2872 2419 autem)
2898 2374 2929 2406 r

1772 2497 2028 2549 hominem
2052 2503 2100 2548 et
2125 2499 2293 2547 Deum
2314 2497 2507 2548 medius
2536 2497 2845 2548 consessione
2874 2498 2927 2548 in

1772 2596 1825 2630 se
1858 2580 2110 2644 utriusque
2144 2578 2403 2629 naturae.''
2468 2580 2639 2640 Thdt,
2678 2596 2733 2629 as
2766 2581 2923 2641 usual,

1770 2660 2013 2725 readjusts
2045 2660 2188 2709 Th.’s
2220 2668 2489 2718 comment,
2516 2661 2616 2710 and
2652 2662 2777 2710 adds
2805 2670 2859 2711 to
2890 2661 2930 2709 it

1772 2742 1907 2791 what
1952 2758 2054 2791 was
2098 2742 2349 2806 wanting:
2402 2743 2709 2804 ἄνθρωπον
2750 2743 2805 2790 δὲ
2846 2739 2935 2790 τὸν

1773 2822 1985 2885 Χριστὸν
2012 2820 2273 2883 ὠνόμασεν.
2297 2823 2463 2883 ἐπειδὴ
2493 2824 2739 2884 μεσίτην
2764 2825 2929 2873 ἐκάλε-

1771 2918 1877 2955 σεν·
1900 2902 2272 2968 ἐνανθρωπῆσας
2293 2908 2393 2968 γὰρ
2414 2908 2729 2965 ἐμεσίτευσεν.
2784 2907 2925 2957 καί...

1773 2988 1843 3051 τῇ
1882 2989 2010 3050 θείᾳ.
2042 2990 2215 3050 φύσει
2251 2987 2358 3049 τὴν
2397 2986 2769 3051 ἀνθρωπείαν
2808 2986 2933 3039 ἐνῶ·

1774 3087 1893 3131 σας,
1921 3068 2161 3132 ἀκήρατον
2183 3072 2262 3120 καὶ
2284 3070 2538 3121 ἀδιάλυτον
2552 3070 2737 3135 εἰρήνην
2747 3074 2931 3135 ἑπραγ·

1772 3154 2066 3213 ματ-εύσατο.
2488 3144 2495 3149 “

1842 3234 1944 3281 For
1966 3233 2051 3281 the
2073 3234 2410 3297 complement
2440 3234 2500 3285 of
2525 3234 2669 3285 Th.'s
2702 3235 2935 3298 teaching

1775 3330 1841 3364 on
1877 3314 1977 3363 this
2008 3315 2217 3378 subject,
2242 3330 2325 3365 see
2356 3316 2538 3377 below,
2566 3332 2633 3366 on
2666 3333 2709 3367 c.
2742 3317 2814 3367 iii.
2845 3315 2933 3377 163

1777 3397 1877 3446 and
1922 3396 1998 3444 sor
2040 3397 2119 3445 his
2162 3397 2388 3447 doctrine
2428 3399 2487 3447 of
2524 3399 2608 3447 the
2652 3400 2838 3448 Person
2884 3400 2945 3449 of

1779 3479 1964 3535 Christ,
1988 3478 2052 3527 cf.
2079 3491 2114 3528 1.
2142 3495 2195 3543 p.
2220 3480 2371 3529 lxxxi.
2395 3496 2491 3545 sq„
2520 3481 2620 3530 and
2642 3481 2729 3530 the
2750 3496 2932 3530 comm.

1775 3560 1877 3609 and
1901 3566 2043 3609 notes
2066 3576 2131 3609 on
2157 3560 2289 3625 Eph.
2316 3561 2348 3609 i.
2380 3576 2531 3612 1o—2
2538 3576 2585 3625 3,
2612 3561 2738 3611 Phil.
2764 3562 2815 3612 ii.
2838 3560 2937 3611 6—

1785 3654 1857 3699 11,
1889 3639 1999 3689 Col.
2027 3640 2063 3688 i.
2094 3653 2295 3702 13—20.

1844 3734 1893 3783 9.
1962 3719 2305 3769 uniuersitatxk
2330 3728 2459 3783 pars
2495 3721 2723 3783 existens]
2803 3722 2937 3772 ‘The

1777 3808 2022 3865 susceptus
2058 3802 2199 3850 homo
2242 3801 2451 3865 belongs
2490 3810 2544 3851 to
2582 3802 2668 3852 the
2711 3806 2938 3853 universe

1780 3884 1865 3944 (τὸ.
1886 3881 2017 3941 ὅλα),
2040 3882 2083 3930 is
2106 3898 2137 3930 a
2157 3889 2270 3946 part
2293 3882 2351 3931 os
2366 3883 2451 3931 the
2472 3882 2693 3931 creation
2711 3882 2770 3932 of
2785 3883 2937 3934 God!

1854 3981 1928 4030 ¹3·
1994 3966 2088 4031 qui
2104 3967 2152 4015 d.
2175 3966 2382 4031 seipsum
2405 3968 2527 4029 red]
2551 3967 2690 4027 This,
2710 3968 2873 4017 which
2896 3969 2939 4019 is

1778 4049 1867 4108 the
1896 4048 2043 4097 order
2072 4046 2129 4095 of
2152 4048 2238 4097 the
2261 4047 2385 4105 Gk„
2409 4048 2451 4097 is
2478 4050 2739 4112 preserved
2770 4050 2821 4098 in
2850 4050 2942 4101 the

1782 4128 1849 4178 Ο.
1897 4128 1993 4187 L.;
2026 4128 2111 4177 the
2157 4127 2310 4192 Vulg.
2354 4137 2671 4193 transposes:
2717 4131 2844 4195 “qui
2883 4131 2933 4181 d.

1781 4210 1881 4258 red.
1914 4207 2289 4273 semetipsum.’'

1856 4306 1930 4353 15.
1999 4306 2085 4339 nec
2104 4296 2268 4340 autem
2284 4300 2385 4355 pro
2410 4291 2673 4356 aliquibus,
2698 4292 2809 4353 δια]
2844 4294 2943 4345 See

1782 4372 1929 4438 again
1968 4374 2140 4423 Petav.
2177 4373 2236 4423 de
2268 4374 2478 4423 Incam.
2518 4376 2667 4436 (xm.
2702 4376 2729 4435 5
2762 4373 2818 4436 ii)
2865 4374 2943 4425 sor
