3250 5025
517 323 596 385 14
1183 318 1639 392 THEoDokus
1688 318 2273 371 MOPSUESTENUS
2534 304 2657 388 [ΙΙ.
2700 322 2791 385 14,
2836 319 2929 385 15.

505 484 892 551 hominibus
945 488 1138 551 uobis
1188 488 1614 572 loquentibus
1674 488 2074 569 suscepistis
2130 488 2246 551 sed
2302 487 2472 550 sicut
2523 484 2929 550 conueniens

507 597 651 652 erat
709 591 1042 672 suscipere
1094 612 1208 654 eos
1268 592 1382 674 qui
1435 592 1736 656 diuinam
1798 590 2249 672 suscipiebant
2307 589 2697 665 doctrinam,
2758 609 2930 671 quae

507 692 711 753 etiam
775 701 843 755 et
901 693 1063 776 ipsis
1122 694 1434 776 operibus
1479 694 1854 757 ostenditur
1905 712 2051 756 esse
2102 692 2280 775 apud
2336 692 2490 757 uos!
2580 701 2647 755 et
2701 710 2930 773 quem-

508 793 876 858 admodum
924 796 991 858 in
1038 796 1349 879 operibus
1395 797 1790 860 ostendatur
1831 796 2099 860 dicens:

441 956 473 1024 5
636 965 751 1007 uos
785 944 1048 1030 (inquit)
1084 946 1440 1011 imitatores
1452 947 1635 1029 facti
1658 948 1825 1025 estiS,
1841 949 2118 1030 fratres,
2162 945 2563 1009 ecclesiarum
2606 944 2741 1008 Dei
2774 964 2936 1027 quae

505 1058 663 1111 sunt
691 1048 760 1111 in
789 1049 1038 1113 Iudaea
1069 1050 1138 1113 in
1174 1050 1428 1117 Christo
1455 1053 1620 1129 Iesu,
1653 1052 1956 1135 quoniam
2000 1052 2217 1115 eadem
2247 1050 2439 1134 passi
2461 1049 2616 1114 estis
2650 1060 2715 1113 et
2751 1071 2864 1113 uos
2891 1070 2935 1112 a

497 1151 788 1235 propriis
812 1153 1285 1230 contribulibus,
1316 1154 1484 1219 sicut
1509 1166 1571 1219 et
1601 1154 1728 1238 ipsi
1752 1176 1796 1218 a
1822 1154 2103 1221 Iudaeis.

641 1274 658 1299 ‘
680 1269 920 1333 similia
953 1270 1220 1353 (inquit)
1253 1272 1430 1352 passi
1462 1274 1621 1335 estis
1656 1271 1935 1353 illorum,
1968 1273 2080 1355 qui
2123 1271 2188 1335 in
2234 1272 2486 1336 Iudaea
2515 1270 2935 1335 crediderunt

515 1366 824 1449 Christo;
893 1372 1063 1436 sicut
1112 1373 1290 1437 enirn
1346 1373 1438 1436 illi
1499 1396 1540 1437 a
1595 1375 1861 1439 Iudaeis
1910 1375 2123 1439 multa
2171 1384 2327 1438 sunt
2387 1374 2678 1457 perpessi
2739 1371 2933 1445 mala,

407 1488 486 1535 10
511 1474 604 1536 sic
650 1483 717 1538 et
763 1497 882 1539 uos
926 1497 967 1540 a
1011 1478 1294 1561 propriis
1338 1478 1819 1543 contribulibus
1840 1480 2020 1541 ⁹—ut
2066 1478 2263 1553 dicat,
2298 1476 2675 1560 ‘gentibus’
2765 1476 2936 1539 bene

512 1588 738 1642 autem
792 1600 907 1643 eos
964 1592 1065 1646 est
1139 1581 1549 1658 adhortatuS,
1599 1602 2128 1646 commemorans
2177 1579 2327 1643 illos
2380 1580 2495 1663 qui
2556 1580 2623 1643 in
2686 1579 2937 1642 Iudaea

513 1682 949 1759 crediderunt,
999 1693 1072 1748 ut
1117 1685 1490 1749 sustineant
1533 1694 1603 1749 et
1649 1685 1773 1769 ipsi
1820 1684 2333 1767 magnanimiter
2379 1684 2697 1761 laborent,
2740 1682 2940 1765 siqui-

513 1785 669 1848 dem
702 1807 833 1850 non
866 1787 988 1851 soli
1021 1789 1584 1871 contemplatione
1614 1789 1884 1872 pietatis
1914 1790 2273 1872 patiuntur.
2336 1807 2493 1850 nam
2525 1796 2593 1850 et
2624 1785 2939 1850 ecclesiae

515 1890 813 1973 integrae
862 1914 1035 1976 quae
1084 1915 1203 1976 per
1253 1904 1468 1958 totam
1518 1902 1674 1957 sunt
1730 1892 2053 1956 Iudaeam
2114 1890 2389 1954 diuersis
2450 1889 2941 1954 fluctuabantur

412 2012 482 2080 15
517 1998 1094 2080 persecutionibus,
1186 1998 1362 2062 unde
1409 2005 1478 2061 et
1509 1998 1705 2062 latius
1754 1995 2154 2059 Iudaeorum
2202 1993 2547 2076 explicans
2594 1992 2936 2068 malitiam,

518 2100 812 2163 ostendit
843 2098 1014 2177 hinc,
1046 2110 1297 2184 quanta
1328 2110 1397 2165 et
1427 2099 1652 2184 qualia
1682 2098 2112 2182 patiebantur
2140 2097 2228 2160 ab
2258 2096 2387 2159 illis
2431 2094 2544 2180 qui
2581 2095 2753 2158 inter
2792 2090 2938 2157 illos

516 2200 957 2266 habitabant:

647 2336 765 2419 qui
787 2347 850 2401 et
875 2336 1213 2401 dominum
1255 2336 1522 2421 (inquit)
1563 2336 1928 2401 occiderunt
1962 2337 2181 2400 Iesum
2213 2344 2279 2398 et
2310 2355 2460 2400 suos
2486 2316 2847 2418 prophetas,
2881 2342 2944 2396 et

518 2460 632 2503 nos
645 2439 964 2522 persecuti
986 2449 1160 2505 sunt.

410 2586 496 2633 20
649 2557 822 2624 bene
871 2559 937 2622 in
987 2559 1210 2623 medio
1262 2559 1484 2641 posuit
1517 2558 1879 2642 prophetas,
1922 2578 2009 2621 ex
2063 2557 2301 2640 quibus
2346 2557 2818 2639 comprobatur
2862 2577 2943 2620 eo

522 2662 703 2746 quod
765 2671 832 2726 et
893 2663 1260 2726 Dominum
1321 2661 1464 2726 sola
1537 2660 1795 2726 malitia
1868 2662 2243 2725 interimere
2316 2654 2801 2743 usurpauerunt
2874 2671 2943 2725 et

521 2763 860 2846 apostolos
879 2783 896 2843 3
967 2764 1296 2847 siquidem
1372 2773 1440 2827 et
1515 2784 1674 2847 erga
1746 2784 1903 2827 suos
1962 2763 2323 2846 prophetas
2397 2762 2564 2827 tales
2639 2763 2943 2827 extitisse

523 2868 846 2932 uidentur.
936 2876 1005 2933 et
1035 2869 1213 2952 quod
1245 2868 1349 2931 his
1380 2869 1593 2931 maius
1624 2877 1765 2930 est:

651 3015 715 3068 et
739 3004 876 3068 Deo
905 3024 1029 3067 non
1045 3004 1314 3086 placent.

413 3136 492 3204 25
653 3121 808 3188 dein
839 3132 907 3187 et
937 3123 1118 3208 quod
1149 3123 1317 3187 odiri
1349 3123 1562 3205 magis
1595 3129 1783 3185 erant
1815 3122 1997 3205 digni
2028 3145 2040 3184 :

623 3277 656 3330 6
689 3280 742 3330 in
767 3280 860 3342 (2⁰)
883 3297 962 3330 om
987 3296 1020 3329 r
1209 3293 1242 3344 9
1276 3296 1404 3347 quae
1429 3280 1542 3347 (jor
1561 3279 1706 3346 sicut)
1737 3281 1782 3331 C
1799 3281 1946 3342 (corr)
2150 3296 2206 3330 12
2242 3288 2291 3331 et
2312 3281 2409 3347 ipsi
2432 3282 2593 3331 sust-l
2617 3280 2626 3344 Ι
2652 3297 2717 3331 ne
2740 3281 2854 3344 (sor
2872 3281 2943 3340 et)

532 3363 577 3412 C
595 3363 662 3412 H
669 3379 701 3411 r
720 3364 808 3426 [et‚
837 3363 1060 3414 laborem
1081 3364 1153 3413 ed.
1171 3364 1366 3428 Mjgm]
1503 3362 1560 3414 16
1584 3365 1685 3414 illis
1708 3365 1805 3424 (om
1829 3361 1914 3426 ab)
1945 3361 2089 3413 (ΡΗ
2144 3363 2218 3412 illi
2250 3365 2295 3413 C
2312 3362 2483 3427 (corr):
2506 3370 2587 3412 txt
2608 3380 2641 3413 r
2774 3367 2831 3415 18
2854 3379 2945 3414 uos

527 3445 644 3508 (for
662 3445 798 3504 suos)
822 3460 855 3493 r
1048 3461 1110 3508 24
1145 3461 1247 3495 non
1269 3446 1367 3496 deo
1390 3462 1422 3494 r
1617 3459 1677 3508 25
1712 3443 1865 3493 odere
1892 3441 2035 3492 C*H
2086 3441 2226 3492 odire
2254 3443 2298 3492 C
2319 3445 2490 3505 (συνῆς
2523 3451 2603 3493 txt
2620 3445 2747 3509 conj.
2764 3445 2950 3510 Jacobi

596 3601 644 3650 3.
701 3585 825 3651 ψοία-
839 3584 1081 3649 operibus]
1124 3585 1307 3636 Thdt.:
1331 3586 1506 3645 ἔδειξεν
1531 3585 1584 3633 δὲ
1606 3587 1686 3634 αύ-
1792 3585 1835 3632 ei
1864 3583 1935 3642 μὴ
1965 3571 2065 3646 γὰρ
2098 3579 2246 3633 οὕτως
2278 3584 2423 3632 αὑτὸν
2466 3584 2707 3644 ἐδέξασθε,
2757 3586 2843 3633 οὐκ
2886 3582 2947 3634 ἂν

527 3668 638 3716 τοὺς
659 3667 788 3729 [τοὺς
807 3663 1006 3728 λόγους]
1025 3667 1268 3717 τοιούτους
1296 3670 1376 3715 καὶ
1402 3668 1501 3715 τῶν
1525 3682 1685 3728 τραγ·
1786 3667 1896 3715 τοὺς
1922 3665 2233 3725 τηλικούτους
2254 3667 2546 3729 nmmos
2562 3663 2709 3717 οὕτως
2722 3667 2947 3726 ’γενναίως

525 3748 694 3808 μάτων
717 3747 750 3806 ἡ
768 3747 928 3809 πεῖρα,
956 3747 990 3796 i.
1003 3762 1069 3804 e.‚
1092 3763 1147 3797 as
1169 3748 1233 3796 he
1263 3747 1503 3812 proceeds
1524 3753 1579 3795 to
1601 3761 1685 3796 ex·
1788 3747 2047 3808 ἠνέγκατε.
2851 3801 2866 3808 ,

529 3829 683 3896 plain,
719 3826 789 3894 (1)
829 3829 915 3878 the
953 3829 1326 3892 extraordinary
1360 3827 1476 3892 gista
1509 3826 1566 3876 of
1605 3826 1693 3876 the
1856 3826 1903 3878 6.
1974 3843 2009 3876 a
2030 3827 2253 3892 propriis
2282 3827 2657 3890 contribulibus]
2706 3829 2805 3880 ἀπὸ
2834 3831 2944 3878 τῶν

531 3911 703 3976 Spirit,
735 3911 808 3972 (α)
847 3910 934 3960 the
967 3911 1162 3976 patient
1195 3910 1477 3959 endurance
1509 3909 1570 3959 os
1592 3907 1693 3958 suf-
1792 3908 1923 3957 ἰδίων
1946 3915 2099 3970 συμφ.
2152 3908 2219 3958 Ο.
2235 3908 2297 3957 L.
2316 3909 2417 3958 and
2435 3908 2701 3972 Vulg.,“a
2717 3909 2944 3959 uestris.”

529 3992 690 4056 fering
717 3991 794 4041 for
827 3991 912 4042 the
949 3989 1180 4056 Gospel’s
1202 3991 1336 4040 sake.
1411 3990 1510 4039 Th.
1541 3990 1586 4040 is
1617 3990 1691 4038 in·
1863 4005 1941 4040 ιο.
2007 3997 2069 4040 ut
2093 3991 2244 4054 dai-at,
2280 3990 2569 4057 ‘gmibus’l
2625 3991 2709 4042 Cf.
2733 4005 2793 4043 11.
2822 4007 2875 4058 p.
2900 4008 2941 4053 ι,

527 4073 692 4124 duced
735 4074 806 4136 by
838 4072 924 4122 the
967 4072 1224 4136 following
1265 4072 1365 4134 γάρ
1409 4069 1477 4134 (v.
1523 4068 1602 4136 14)
1638 4079 1693 4122 to
1792 4071 1827 4123 1.
1857 4070 1907 4130 6,
1928 4079 2065 4123 note.

525 4153 726 4206 confine
771 4152 857 4202 the
902 4151 1118 4202 allusion
1155 4160 1208 4201 to
1243 4152 1329 4203 the
1372 4152 1536 4202 latter.
1605 4152 1687 4204 Cf.
1857 4152 2330 4215 hm...sustineant]
2396 4152 2547 4204 Cited
2580 4153 2651 4217 by
2677 4153 2937 4204 lanfranc.

529 4231 750 4299 Thpht.=
796 4228 946 4282 τόθεν
993 4233 1138 4292 δῆλον
1183 4231 1258 4280 ὅτι
1303 4231 1364 4282 ὡς
1399 4232 1510 4282 θεοῦ
1543 4230 1695 4295 λόγον
1864 4252 1939 4302 13.
2008 4237 2278 4288 ecclesiae...
2282 4237 2717 4302 persecutionibus]
2784 4237 2865 4287 Cf.
2904 4249 2939 4288 1.

529 4317 788 4382 ἐδέξαο-θη
813 4316 1103 4378 *ἐνεργεῖται
1121 4315 1222 4377 γὰρ
1245 4312 1430 4378 (φησιν)
1456 4317 1508 4364 ἐν
1533 4314 1690 4376 ύμῖυ·’
1792 4334 1843 4384 p.
1869 4333 1949 4378 20,
1978 4317 2015 4369 1.
2044 4332 2100 4380 15
2117 4334 2212 4384 sq..
2234 4319 2336 4368 and
2358 4327 2477 4369 note
2500 4333 2567 4368 on
2589 4319 2625 4369 1.
2654 4321 2730 4369 18.

527 4399 782 4450 τουτέστιν
812 4400 869 4449 ἐκ
907 4399 1005 4447 τῶν
1039 4399 1193 4462 ἔργων
1231 4397 1386 4447 αὐτῶν
1431 4398 1684 4448 δείκνυται.
1858 4413 1935 4462 25.
2002 4400 2160 4462 odiri]
2228 4401 2324 4451 See
2368 4417 2447 4450 vv.
2505 4400 2557 4450 ll.
2639 4400 2751 4450 The
2806 4417 2947 4452 sense
