3250 5025
552 347 681 411 260
1218 359 1676 411 THEODORUS
1722 360 2310 412 MOPSUESTENUS

550 531 855 609 utilitate,
889 531 1052 595 haec
1084 533 1169 597 ad
1200 532 1585 595 communia
1614 531 1951 614 pertinent
1997 530 2195 607 lucra,
2226 530 2381 594 licet
2412 530 2622 595 iuuari
2666 532 2972 595 uideatur

550 634 604 697 is
658 636 771 717 qui
832 637 899 700 id
962 636 1122 699 facit
1181 645 1255 699 ut
1314 656 1467 698 cum
1531 635 1956 699 conuenienti
2031 636 2376 717 propositu
2439 654 2632 697 suum
2695 633 2972 716 impleat

552 738 986 803 ministerium
1028 739 1367 822 possitque
1407 738 1519 801 illa
1557 759 1755 821 agere
1793 760 1964 821 quae
2005 738 2252 802 multos
2293 740 2606 821 prodesse
2639 746 2969 820 poterunt.

548 836 714 901 haec
760 861 920 904 uero
960 862 1131 924 quae
1164 843 1251 905 ad
1298 842 1755 905 Philemonem
1798 843 2044 923 scripta
2089 849 2191 905 est
2237 862 2370 905 non
2415 842 2633 905 solum
2665 840 2970 923 specialis

487 958 519 1025 5
552 952 653 1006 est
684 945 841 1026 quia
884 946 971 1008 ad
1014 952 1264 1008 certam
1308 964 1662 1026 personam
1705 944 1954 1026 scripta
2000 952 2120 1020 est,
2151 945 2267 1007 sed
2316 953 2384 1008 et
2429 944 2722 1026 ipsorum
2769 944 2971 1025 scrip-

550 1054 771 1109 torum
824 1056 1054 1111 tenore
1101 1049 1447 1111 euidenter
1508 1048 1920 1129 perspicitur.
2007 1049 2094 1111 de
2153 1068 2347 1111 seruo
2408 1048 2586 1111 enim
2647 1050 2966 1131 scriptum

551 1159 653 1213 est
681 1149 795 1231 qui
828 1150 1205 1231 pertinebat
1236 1150 1323 1213 ad
1373 1149 1850 1225 Philemonem,
1898 1159 1972 1213 ut
2020 1150 2338 1232 reciperet
2369 1171 2520 1214 eum
2555 1152 2621 1214 in
2653 1152 2968 1214 affectum

550 1256 1007 1336 poenitentem
1064 1272 1185 1335 pro
1235 1252 1363 1315 illis
1411 1251 1653 1333 quibus
1705 1253 1965 1315 dudum
2015 1262 2309 1334 gesserat
2364 1254 2579 1331 maliS,
2635 1254 2728 1317 ita
2769 1263 2844 1317 ut
2885 1254 2972 1317 de

554 1356 678 1419 illis
731 1377 904 1440 quae
956 1356 1114 1419 olim
1171 1356 1257 1419 ab
1316 1376 1397 1418 eo
1452 1355 1712 1418 fuerant
1773 1356 2062 1419 admissa
2122 1355 2373 1418 nullam
2438 1358 2762 1420 rationem
2828 1358 2970 1419 exi-

446 1482 524 1528 10
550 1469 751 1540 geret.
870 1480 1030 1542 ergo
1090 1459 1455 1541 perfectum
1519 1461 1828 1521 iuuamen
1893 1459 1958 1522 in
2020 1459 2319 1540 epistolis
2393 1460 2541 1541 quis
2617 1461 2970 1524 intendens

552 1562 884 1640 inueniat;
938 1563 1233 1624 maxime
1286 1582 1439 1623 cum
1499 1560 1664 1623 haec
1709 1561 2001 1624 ecclesiis
2047 1562 2382 1642 scripsisse
2428 1564 2706 1641 uidetur,
2738 1586 2971 1629 omnes

550 1667 890 1729 erudimur
928 1686 1005 1728 ac
1066 1666 1383 1729 discimus
1446 1665 1558 1727 illa
1610 1686 1784 1748 quae
1837 1686 1958 1728 nos
2019 1668 2184 1729 scire
2237 1677 2604 1749 oporteant.
2695 1691 2852 1733 narn
2904 1678 2970 1732 et

551 1770 873 1850 dogmata
938 1769 1449 1851 scrupulositate
1508 1791 1599 1831 ex
1660 1769 1788 1832 illis
1850 1770 2250 1847 instruimur,
2319 1779 2388 1833 et
2447 1772 2970 1835 conuersationis

552 1882 770 1936 rectae
831 1874 1207 1937 institutum
1283 1894 1371 1937 ex
1434 1873 1561 1936 illis
1636 1875 1974 1938 docemur.
2067 1874 2233 1938 haec
2306 1875 2483 1937 enim
2545 1883 2826 1955 utraque
2903 1875 2970 1937 in

446 1994 516 2061 15
552 1978 861 2041 omnibus
892 1980 1137 2061 scripta
1166 1979 1465 2062 epistolis
1497 1979 1646 2061 quis
1687 1980 2015 2060 repperiet
2045 1988 2162 2041 aut
2199 1978 2476 2061 pleniori
2509 1978 2970 2059 prosecutione

552 2082 895 2163 explicata
938 2094 1057 2148 aut
1100 2084 1464 2159 infirmiori,
1498 2085 1691 2147 sicuti
1739 2093 1806 2146 et
1851 2085 1918 2145 in
1960 2084 2503 2165 interpretatione
2550 2092 2775 2144 nostra
2816 2101 2970 2143 cau—

552 2188 806 2250 tissime
838 2188 904 2250 id
936 2188 1451 2270 designauimuS.
1542 2188 1628 2250 de
1661 2187 1788 2249 illis
1819 2207 1978 2249 uero
2009 2206 2182 2268 quae
2213 2186 2534 2268 speciales
2566 2193 2720 2247 sunt
2759 2184 2970 2246 multa

551 2310 639 2352 ex
674 2289 800 2352 illis
842 2291 906 2353 in
950 2311 1307 2354 commune
1338 2290 1626 2352 uniuersi
1669 2290 2024 2365 erudimur,
2058 2310 2140 2351 eo
2171 2290 2350 2370 quod
2394 2290 2480 2351 de
2517 2289 2646 2352 illis
2683 2312 2857 2372 quae
2903 2292 2968 2353 in

551 2413 905 2455 commune
938 2394 1289 2475 pertinent,
1326 2394 1496 2455 sicut
1527 2392 1691 2468 dixi,
1723 2391 1933 2454 multa
1964 2390 2308 2473 apostolus
2352 2393 2439 2455 ad
2482 2414 2596 2455 eos
2637 2395 2970 2475 scripsisse

441 2515 525 2562 20
551 2496 833 2560 uidetur.
926 2506 995 2561 et
1030 2496 1403 2580 specialiter
1448 2498 1686 2561 iterum
1735 2498 1821 2562 ad
1869 2517 1983 2560 eos
2019 2498 2280 2579 scripsit
2327 2497 2656 2562 instruens
2689 2498 2973 2581 qualiter

550 2599 840 2663 debeant
872 2621 1067 2681 agere
1100 2599 1189 2662 illi
1223 2602 1334 2682 qui
1368 2599 1683 2664 ecclesiae
1729 2599 2243 2664 sollicitudinem
2286 2599 2538 2665 habent
2579 2603 2967 2680 iniunctam,

551 2724 633 2765 eo
664 2704 845 2785 quod
880 2702 1044 2765 tales
1076 2714 1263 2766 erant
1296 2713 1363 2766 et
1396 2703 1485 2765 illi
1519 2705 1603 2767 ad
1638 2723 1807 2785 quos
1848 2702 2222 2780 scribebat3
2270 2702 2494 2785 qualia
2535 2724 2694 2768 uero
2725 2707 2968 2788 singuli

552 2807 827 2888 adsequi
860 2807 1189 2888 possimus
1221 2808 1305 2869 de
1352 2808 1592 2888 quibus
1635 2808 1717 2870 ad
1754 2806 1900 2869 illos
1943 2807 2123 2869 uisus
2154 2815 2256 2868 est
2296 2807 2650 2889 scripsisse.
2743 2811 2972 2873 docuit

553 2910 730 2971 enim
766 2930 886 2972 nos
917 2908 1147 2991 quales
1179 2911 1467 2973 debeant
1501 2931 1644 2973 esse
1682 2911 2070 2992 presbyteri,
2103 2910 2336 2990 quales
2367 2912 2658 2974 debeant
2690 2912 2970 2984 diaconi,

442 3031 519 3095 25
552 3011 782 3094 quales
832 3013 1089 3088 uiduae,
1148 3012 1377 3094 quales
1431 3014 1619 3087 serui,
1678 3011 1907 3094 quales
1953 3012 2225 3084 domini,
2274 3012 2507 3093 quales
2549 3013 2690 3086 uiri,
2739 3012 2968 3093 quales

554 3115 874 3179 mulieres,
952 3117 1037 3178 de
1064 3115 1165 3178 his
1198 3126 1265 3180 et
1296 3126 1521 3180 autem
1556 3117 1850 3179 scribens
1875 3117 1961 3179 ad
1995 3136 2107 3179 eos
2132 3114 2476 3197 apostolus
2508 3115 2823 3178 instruxit
2852 3135 2970 3177 eos

648 3269 677 3303 α
714 3257 999 3320 propositus
1028 3257 1098 3305 C*
1138 3258 1395 3322 proposito
1424 3259 1469 3307 C
1488 3259 1638 3318 (corr)
1704 3259 2018 3322 propositum
2040 3258 2108 3306 H
2405 3255 2436 3305 6
2469 3225 2613 3306 tenor
2647 3255 2904 3305 euidenter
2931 3255 2976 3305 C

550 3343 723 3385 tenore
744 3336 976 3384 uidentur
998 3337 1065 3386 H
1276 3351 1301 3400 7
1336 3337 1389 3386 in
1410 3337 1589 3387 affectu
1612 3339 1681 3386 H
1869 3341 1919 3387 ·8
1954 3353 2045 3402 pro
2069 3338 2102 3385 i.
2126 3352 2220 3400 pro
2242 3336 2422 3401 quibus
2445 3337 2512 3384 H
2743 3351 2762 3384 1
2777 3352 2794 3384 1
2835 3337 2974 3385 inue-

552 3417 654 3466 niet
684 3418 727 3465 C
747 3417 893 3480 (corr)
914 3418 983 3466 H
1222 3435 1279 3468 η
1314 3419 1562 3468 discamus
1584 3420 1648 3468 H
1881 3435 1938 3482 13
1973 3419 2406 3482 scrupulositatem
2435 3418 2479 3466 C
2483 3417 2511 3441 ⁴⁶
2537 3417 2604 3465 ΙΙ
2676 3417 2974 3480 scrupulosi-

551 3507 711 3547 tatum
740 3499 784 3547 C
804 3497 951 3562 (corr)
1111 3497 1169 3548 16
1202 3500 1515 3549 accutissime
1540 3499 1642 3564 (sic)
1669 3502 1734 3549 H
1905 3501 1982 3556 18,
2012 3515 2070 3566 ¹9
2103 3501 2154 3548 in
2179 3499 2428 3548 communi
2459 3499 2502 3547 C
2675 3514 2734 3564 19
2767 3497 2894 3547 dixit
2915 3499 2983 3546 II

554 3595 614 3642 23
650 3595 766 3629 usus
790 3580 903 3644 (sor
922 3581 1076 3640 uisus)
1106 3580 1183 3630 C*
1208 3582 1275 3630 H
1459 3579 1521 3630 26
1556 3590 1605 3631 et
1629 3598 1705 3631 om
1736 3583 1780 3631 C

1815 3711 1966 3760 touch
2007 3727 2142 3777 upon
2183 3727 2282 3776 any
2319 3711 2548 3776 question
2593 3710 2650 3759 of
2689 3710 2860 3775 public
2901 3711 2972 3760 in-

1813 3799 1981 3842 terest.
2051 3793 2102 3841 It
2137 3794 2178 3842 is
2211 3791 2480 3841 addressed
2519 3791 2816 3856 apparently
2850 3798 2904 3840 to
2941 3807 2972 3840 a

618 3733 665 3775 4.
736 3727 837 3761 non
878 3712 1037 3760 solum
1069 3713 1301 3776 specialis,
1333 3711 1447 3773 &c.]
1519 3711 1599 3761 Cf.
1633 3713 1711 3776 Bp

554 3793 829 3858 Lightfoot,
854 3795 1143 3852 Colossians,
1168 3809 1218 3858 p.
1242 3793 1366 3858 369:
1408 3793 1563 3842 “The
1590 3793 1710 3858 Epi-

552 3877 647 3924 stle
686 3883 740 3924 to
780 3874 1044 3924 Philemon
1081 3874 1230 3923 holds
1273 3890 1305 3922 a
1342 3873 1527 3938 unique
1566 3874 1711 3937 place

552 3973 737 4020 among
772 3956 858 4006 the
885 3954 1139 4021 Apostle’s
1162 3955 1400 4019 writings.
1470 3955 1521 4004 It
1553 3955 1594 4003 is
1626 3955 1710 4004 the

552 4039 672 4102 only
689 4038 881 4102 strictly
902 4038 1093 4102 private
1117 4036 1262 4086 letter
1285 4036 1447 4086 which
1470 4037 1561 4086 has
1582 4037 1712 4085 been

551 4118 831 4182 preserved.
900 4117 1011 4166 The
1038 4117 1261 4166 pastoral
1286 4116 1505 4180 Epistles
1529 4116 1714 4166 indeed

552 4215 637 4249 are
680 4199 947 4248 addressed
996 4206 1047 4248 to
1092 4199 1412 4257 individuals,
1456 4201 1545 4249 but
1594 4201 1714 4262 they

552 4280 743 4328 diseuss
803 4280 1076 4344 important
1134 4289 1339 4331 matters
1399 4283 1457 4331 of
1512 4281 1716 4332 Church

552 4359 816 4424 discipline
838 4362 936 4412 and
961 4363 1439 4426 government...On
1462 4363 1548 4412 the
1571 4363 1717 4412 other

554 4441 689 4492 hand
725 4441 809 4492 the
846 4444 991 4492 letter
1025 4445 1194 4494 before
1230 4461 1286 4494 us
1320 4447 1441 4494 does
1468 4452 1554 4493 not
1590 4460 1716 4495 once

1811 3873 2028 3938 layman.
2099 3873 2146 3922 It
2180 3873 2221 3922 is
2256 3873 2443 3936 wholly
2473 3872 2715 3936 occupied
2749 3871 2872 3920 with
2907 3887 2972 3922 an

1811 3955 2033 4004 incident
2055 3953 2114 4002 os
2129 3953 2371 4002 domestic
2394 3951 2535 4003 lise.''

1885 4053 1962 4100 14.
2030 4038 2145 4085 haec
2165 4052 2204 4084 e.
2229 4036 2463 4100 utraque]
2531 4041 2562 4063 “
2581 4036 2715 4084 Both
2749 4034 2975 4085 doctrine

1813 4116 1916 4166 and
1938 4117 2170 4180 practice.
2183 4114 2211 4136 '’

1885 4211 1960 4260 15.
2017 4205 2110 4247 aut
2133 4197 2365 4261 pleniori,
2402 4197 2519 4260 &c.]
2556 4198 2747 4248 “More
2782 4213 2840 4247 or
2878 4199 2976 4247 less

1817 4279 1941 4343 sully
1963 4277 2314 4344 expounded.”

1885 4379 1910 4412 2
1917 4379 1962 4426 3.
2033 4364 2090 4412 dc
2142 4363 2342 4427 quibus]
2375 4383 2420 4405 .--.
2450 4363 2510 4412 dc
2553 4359 2661 4412 illis
2703 4377 2830 4427 quae
2841 4381 2864 4420 ;
2918 4379 2974 4412 or

1815 4445 1874 4493 dc
1895 4445 2001 4493 illis
2021 4445 2078 4494 dc
2101 4445 2274 4509 quibus
2292 4463 2312 4502 ,⁰
2347 4444 2411 4494 cs.
2436 4460 2489 4508 p.
2516 4443 2627 4502 261,
2657 4445 2690 4492 l.
2728 4459 2801 4506 15.
