3250 5025
339 374 389 436 Ι.
435 392 527 453 14,
568 372 687 457 15.]

332 566 347 594 ‘
368 562 837 627 formationem
868 560 1041 627 habe
1072 560 1415 627 doctrinae
1446 560 1670 626 meae.’

1042 382 1129 436 IN
1178 382 1283 436 ΕΡ.
1330 382 1433 435 AD
1479 382 1949 438 TIMOTHEUM
1996 384 2072 436 11.

2636 386 2756 436 201

1759 560 2004 626 deinde
2034 560 2216 645 quod
2249 559 2514 625 dixerat
2543 562 2630 626 de
2670 580 2759 640 se,

332 664 465 731 hoc
494 666 699 731 etiam
731 674 799 731 et
830 666 926 731 illi
958 668 1216 746 suadet,
1249 665 1599 763 consilium
1633 666 1802 731 dans
1833 666 1935 731 ei:

466 814 698 879 bonam
753 811 1358 878 commendationem
1409 810 1664 877 custodi
1690 822 1817 895 per
1872 808 2205 895 Spiritum
2263 818 2578 889 sanctum,
2651 812 2770 895 qui

332 916 594 983 habitat
622 917 691 981 in
723 918 917 983 nobis.

472 1034 709 1113 ‘quam
762 1029 1029 1115 (inquit)
1080 1028 1395 1111 accepisti
1454 1026 1742 1111 gratiam
1807 1024 2116 1110 Spiritus,
2173 1022 2350 1090 hanc
2409 1024 2760 1091 inlibatam

334 1132 677 1197 custodire
712 1132 1101 1215 depropera,
1133 1131 1583 1195 sollieitudine
1629 1140 1698 1196 et
1737 1129 2085 1212 diligentia
2127 1149 2356 1193 eorum
2402 1149 2576 1211 quae
2604 1148 2762 1193 con-

333 1234 646 1300 ueniunt.’

734 1244 805 1299 et
857 1236 1096 1299 iterum
1150 1255 1273 1299 sua
1324 1253 1704 1297 memorans
1755 1232 1998 1297 suadet
2060 1231 2120 1295 ei
2173 1241 2249 1296 ut
2295 1231 2554 1315 inpigre
2603 1232 2763 1298 doc-

333 1338 579 1403 trinam
628 1338 925 1421 impleat‚
960 1336 1201 1402 nullius
1244 1336 1567 1401 momenti
1621 1336 2020 1400 existimans
2069 1334 2218 1399 illas
2266 1356 2412 1400 esse
2460 1336 2761 1401 tristitias

333 1463 509 1525 quae
539 1464 659 1526 per
690 1442 986 1526 singulos
1018 1442 1161 1506 dies
1192 1442 1493 1506 accidere
1522 1440 1583 1504 ei
1615 1440 1969 1505 uidentur:

464 1587 591 1652 scis
631 1588 745 1653 ltoc
785 1587 1093 1672 quoniam
1137 1586 1362 1652 auersi
1398 1596 1557 1651 sunt
1597 1607 1642 1649 a
1673 1607 1774 1649 me
1815 1606 2032 1651 omnes
2073 1585 2194 1669 qui
2241 1586 2312 1650 in
2353 1585 2529 1650 Asia
2557 1597 2758 1667 erant,

332 1713 413 1758 ex
438 1692 670 1775 quibus
696 1702 795 1756 est
818 1692 1087 1775 szgelm
1112 1701 1177 1755 et
1201 1690 1652 1773 Hermogenes.

462 1820 594 1885 hoc
640 1818 709 1884 in
755 1819 906 1885 loco
950 1828 1518 1884 commemoratus
1564 1838 1710 1883 esse
1755 1817 2182 1882 existimatur
2227 1816 2340 1900 qui
2387 1827 2456 1885 et
2491 1818 2762 1885 simula-

333 1924 500 1989 bant
528 1945 601 1989 se
642 1923 848 1989 fidem
888 1934 1134 2003 tenere,
1166 1924 1280 2009 qui
1323 1926 1527 1988 etiam
1570 1923 1642 1987 in
1681 1922 1854 1987 Asia
1892 1944 1974 1987 eo
2015 1922 2306 2005 degente
2350 1923 2562 1987 auersi
2603 1932 2761 1990 sunt

332 2032 421 2097 ab
470 2052 568 2096 eo,
657 2024 817 2093 nam
870 2037 939 2093 et
991 2019 1211 2092 omnis
1264 2047 1531 2111 pugnae
1583 2026 1931 2090 exterioris
1996 2025 2264 2107 grauior
2321 2034 2424 2090 est
2471 2026 2758 2105 interior,

333 2134 463 2199 hoc
491 2142 609 2211 est,
643 2142 718 2198 ut
747 2134 849 2197 sui
879 2153 953 2196 se
983 2132 1378 2215 relinquant.
1469 2130 1670 2195 ‘nihil
1708 2128 1854 2215 (ait)
1889 2129 2092 2195 debet
2135 2138 2204 2194 te
2241 2129 2502 2195 tristem
2544 2132 2759 2199 facere

437 2316 459 2351 1
498 2301 852 2351 formationem
890 2300 1044 2351 habet
1077 2298 1149 2350 C*
1166 2300 1238 2350 H
1288 2298 1505 2350 formam
1540 2296 1700 2349 habes
1737 2295 1802 2362 νΙ
1831 2295 1960 2347 dixit
2002 2313 2037 2346 r

1254 2382 1287 2435 6
1319 2383 1620 2448 deproperat
1649 2380 1730 2432 C*
1751 2380 1844 2431 H*

1455 2479 1511 2515 ια
1547 2479 1731 2514 comm.
1755 2468 1830 2513 est
1864 2460 2152 2513 existimant
2190 2460 2271 2512 C*

331 2547 747 2598 existimabantur
773 2547 841 2597 H
884 2546 1149 2596 memorati
1172 2561 1279 2597 esse
1302 2544 1649 2597 existimantur
1670 2561 1732 2595 r:
1765 2551 1846 2594 txt
1871 2544 1914 2594 C
1935 2541 2084 2608 (corr)
2113 2540 2122 2610 1
2151 2551 2204 2594 et
2223 2559 2304 2594 om
2325 2559 2359 2593 r

332 2393 442 2435 tum
464 2401 495 2434 r
689 2398 718 2448 5
753 2384 917 2450 inquit
948 2400 1027 2434 om
1060 2401 1095 2432 r

339 2480 358 2516 1
372 2483 392 2517 1
434 2465 660 2516 Philetus
681 2482 713 2515 r
737 2464 746 2531 Ι
778 2464 1117 2531 Hermogenis
1138 2464 1209 2515 H

336 2643 389 2692 p.
413 2625 644 2676 exteriori
665 2641 699 2675 r

332 2775 551 2830 τύπωσις
592 2777 722 2829 from
776 2779 866 2830 the
908 2777 1147 2846 painter’s
1192 2785 1302 2832 artz
1348 2782 1495 2842 μιμοῦ

336 2857 527 2917 (φησὶν)
544 2857 654 2906 τοὺς
675 2857 971 2920 ζωγράφους,
988 2858 1069 2907 καὶ
1090 2855 1305 2921 καθάπερ
1327 2858 1496 2907 ἐκεῖνοι

332 2939 434 2989 τοῖς
468 2935 757 3001 ἀρχετύποις
793 2939 1116 3000 προσέχοντες
1150 2941 1239 2988 σὺν
1276 2940 1495 3003 ἀκριβείᾳ

334 3020 422 3070 τὰς
461 3019 649 3069 ἐκείνων
691 3021 1033 3084 ζωγραφοῦσιν
1079 3016 1290 3070 εἰκόνας·
1345 3021 1495 3070 οὕτως

332 3103 414 3151 καὶ
448 3098 511 3150 σύ
526 3113 539 3126 ·
591 3097 691 3150 οἶόν
730 3118 780 3150 τι
812 3097 1092 3164 ἀρχέτυπον
1127 3102 1215 3164 ἔχε
1250 3099 1343 3162 τὴν
1379 3100 1489 3164 παρ’

332 3179 451 3243 ἐμοῦ
472 3184 582 3246 περὶ
602 3183 814 3233 πίστεως
841 3185 922 3233 καὶ
946 3181 1137 3245 ἀγάπης
1164 3185 1491 3248 γεγενημένην

332 3265 669 3315 διδασκαλίαν.

399 3363 447 3411 3.
516 3345 1000 3408 commendationem]
1064 3346 1162 3398 See
1195 3362 1263 3397 on
1299 3363 1320 3397 1
1355 3346 1491 3396 Tim.

330 3429 395 3480 vi.
431 3445 507 3488 10,
546 3429 648 3478 and
681 3435 851 3492 supra,
888 3443 939 3478 v·
984 3443 1059 3477 12.
1130 3428 1377 3478 Ambrstr.
1400 3428 1491 3479 bas

330 3511 450 3562 here
478 3509 927 3560 “commendatum
943 3506 991 3567 ;”
1012 3514 1145 3558 most
1166 3509 1225 3558 of
1240 3509 1325 3559 the
1342 3509 1493 3559 Latin

330 3592 640 3652 authorities,
678 3591 807 3640 from
840 3591 979 3640 Tert-
1013 3591 1344 3649 downwardS,
1376 3593 1492 3656 give

336 3669 721 3740 “depositum.”

399 3767 446 3818 5.
512 3769 665 3820 quam
707 3751 911 3818 (inquio
945 3753 1185 3817 accepisti]
1245 3753 1343 3803 Th.
1374 3753 1491 3804 thus

330 3839 543 3888 adheres
565 3845 619 3887 to
640 3837 720 3886 his
740 3836 1122 3902 interpretation
1144 3835 1205 3887 os
1231 3833 1490 3900 παραθῆκη

330 3915 385 3966 in
423 3931 565 3966 verse
604 3929 679 3966 12.
750 3915 905 3964 Thdt.
960 3914 1121 3964 varies
1168 3914 1209 3964 it
1262 3915 1482 3980 slightly,

332 3996 548 4062 perhaps
578 3996 631 4046 in
655 4009 996 4060 consequence
1018 3994 1077 4044 os
1103 3995 1190 4045 the
1212 3997 1375 4046 words
1409 3995 1487 4046 διὰ

330 4075 599 4139 πνεύματος
638 4075 811 4139 ἁγίους
858 4078 987 4138 ἔχεις
1020 4073 1255 4139 ἀρκοῦσαν
1288 4079 1353 4128 είς
1389 4084 1485 4140 φω-

330 4161 585 4224 ταγωγίαν
618 4158 708 4220 τὴν
746 4157 834 4208 τοῦ
873 4157 1145 4221 vcinam
1176 4158 1337 4224 χάριν·
1372 4159 1483 4212 ταὺ-

326 4262 391 4306 τῃ
438 4245 596 4293 τοίνυν
642 4241 936 4306 διατήρησον
987 4239 1077 4302 τὴν
1132 4244 1478 4306 προθυμίαν.

329 4324 543 4389 Thpht„
574 4322 629 4372 in
658 4338 755 4372 one
789 4322 849 4371 of
876 4322 955 4371 his
992 4322 1286 4373 alternative
1316 4324 1486 4388 expla-

328 4404 542 4463 nations,
594 4403 789 4454 reflects
832 4401 977 4452 Th.’s
1008 4403 1152 4464 view,
1190 4404 1290 4453 and
1330 4411 1490 4455 meets

330 4485 415 4535 the
438 4483 679 4550 difficulty
702 4483 867 4535 which
896 4483 1051 4534 Thdt.
1090 4499 1251 4535 seems
1278 4491 1333 4535 to
1360 4485 1489 4537 have

2275 2314 2305 2361 3
2338 2297 2528 2348 bonum
2562 2299 2760 2365 deposi-

2011 2392 2075 2431 10
2107 2379 2245 2445 quod
2275 2374 2400 2447 (sor
2440 2381 2694 2447 quoniam)
2729 2400 2764 2433 r

2349 2471 2652 2514 memoratus
2683 2472 2758 2515 est

2529 2559 2590 2608 14
2613 2547 2753 2596 omni

1592 2780 1711 2832 felt:
1746 2779 1780 2843 ἦ
1802 2781 1884 2832 ιτὸ
1905 2779 2122 2845 χάρισμα
2146 2778 2175 2830 ὅ
2195 2781 2371 2846 ἔλαβες
2383 2779 2758 2834 ·’...στοῦδασον

1594 2859 1680 2912 οὖν
1715 2861 1980 2925 φυλάττειν
2013 2861 2071 2912 τό
2105 2861 2312 2924 πνεῦμα,
2347 2865 2428 2913 καί
2459 2861 2577 2913 αὐτὸ
2607 2863 2754 2916 πάλιν

1594 2943 1795 3010 τηρήσει
1816 2948 1896 2996 σοί
1915 2944 2005 3006 τήν
2029 2943 2458 3009 παρακαταθήκην·
2481 2946 2514 2996 i.
2531 2963 2576 2999 e.
2601 2948 2756 3016 ‘keep

1594 3027 1682 3077 the
1707 3026 1863 3092 Spirit
1885 3026 1954 3091 by
1976 3025 2062 3076 the
2086 3026 2286 3090 Spirit’s
2308 3042 2423 3076 own
2444 3026 2602 3092 help.'

1665 3119 1744 3155 10.
1775 3105 1933 3170 quiin
1942 3107 2072 3156 Asia
2083 3108 2250 3170 erant]
2267 3110 2311 3158 οί
2324 3106 2621 3174 ἐντῇἏσίᾳ.
2638 3112 2753 3164 The

1593 3183 1745 3250 Vulg.
1772 3185 1995 3250 supplies
2023 3187 2238 3247 “sunu'’
2270 3195 2419 3238 erant
2441 3189 2484 3240 is
2504 3193 2755 3257 probably

1594 3263 1845 3329 preferred
1878 3266 1948 3330 by
1968 3282 2060 3316 our
2088 3268 2355 3318 translator
2381 3285 2436 3320 as
2465 3287 2606 3323 more
2632 3289 2752 3324 con·

1593 3346 1770 3397 sistent
1802 3349 1926 3398 with
1958 3350 2045 3400 the
2077 3352 2350 3417 preceding
2379 3369 2485 3405 aot.
2513 3353 2749 3421 (ἀνεστρά-

1594 3429 1799 3490 φησαν).
1886 3429 2382 3495 nectanebum,
2443 3435 2530 3486 the
2582 3439 2750 3490 ortho-

1590 3510 1786 3574 graphy
1814 3514 2085 3577 supported
2118 3515 2186 3579 by
2219 3515 2305 3566 the
2340 3525 2483 3580 great
2519 3519 2754 3588 majority

1592 3592 1653 3641 of
1679 3592 1764 3641 the
1787 3594 1980 3644 uncials
2017 3595 2082 3656 (v,
2111 3595 2278 3646 Tisch.
2304 3599 2378 3646 ad
2403 3598 2494 3662 l.);
2525 3601 2754 3652 Philetus

1594 3670 1691 3736 (w.
1723 3672 1798 3736 11.)
1825 3674 1867 3725 is
1889 3691 1954 3725 an
1977 3691 2115 3727 error
2135 3677 2194 3727 of
2210 3679 2296 3728 the
2319 3679 2472 3730 Latin
2493 3687 2598 3732 text
2619 3684 2748 3736 from

1588 3754 1755 3804 which
1783 3755 1912 3806 Rab.
1937 3757 2088 3818 drew,
2117 3758 2364 3824 imported
2387 3762 2494 3812 into
2516 3763 2614 3813 this
2636 3781 2750 3828 pas-

1589 3851 1709 3902 sage
1730 3835 1858 3887 from
1881 3852 1926 3887 c.
1947 3837 2000 3887 ii.
2033 3837 2109 3889 16.

1661 3935 1738 3984 ¹3·
1805 3922 1901 3985 qui
1931 3922 2082 3972 etiam
2121 3923 2182 3973 in
2210 3924 2355 3986 Asia,
2395 3926 2512 3990 δια]
2567 3929 2747 3997 Chrys.

1587 4001 1688 4050 and
1712 4000 1869 4050 Thdt.
1893 4003 2070 4066 regard
2095 4003 2181 4054 the
2204 4004 2455 4056 defection
2483 4024 2539 4058 as
2559 4009 2749 4078 having

1586 4082 1742 4133 taken
1765 4084 1910 4148 place
1935 4085 2074 4150 quite
2094 4087 2333 4151 recently‚
2355 4091 2456 4139 and
2478 4097 2530 4141 at
2554 4092 2748 4156 Rome;

1586 4163 1652 4215 cf.
1687 4163 1916 4229 Thpht.:
1951 4167 1997 4215 οί
2025 4167 2077 4216 ἐν
2109 4168 2174 4229 τῇ
2197 4165 2361 4231 ’Δσίᾳ,
2394 4173 2666 4224 τουτέστιν·
2701 4179 2749 4226 ol

1586 4246 1645 4296 ἐκ
1666 4246 1750 4306 τῆς
1765 4243 1938 4298 Ἀσίας
1965 4247 2271 4309 ἐνδημοῦντες
2290 4247 2357 4313 τῇ
2371 4249 2550 4316 Ῥώμῃ.

1660 4342 1735 4390 ¹4·
1795 4335 2001 4393 pugnae
2059 4337 2156 4379 ext.
2217 4333 2451 4397 gram‘or]
2518 4335 2740 4399 Rdnsch,

1587 4408 1740 4468 Itala,
1767 4425 1818 4474 p.
1841 4421 1956 4473 435.
2029 4410 2176 4462 With
2205 4413 2290 4464 the
2308 4416 2410 4466 vd.
2443 4415 2494 4466 in
2520 4417 2649 4472 Rab.
2677 4419 2740 4471 cs.

1592 4502 1651 4542 11.
1681 4508 1731 4557 p.
1763 4495 1872 4550 181,
1896 4493 1930 4542 1.
1962 4506 2036 4557 15,
2063 4503 2197 4545 note.

2797 1573 2979 1651 10'

2797 2148 2865 2216 15
