3250 5025
387 1468 467 1521 10

483 310 569 373 24

1149 301 1605 357 THEODORUS
1654 301 2239 356 MOPSUESTENUS

2528 285 2675 369 [IV.
2706 286 2895 349 6—8.

483 478 770 561 cupauit,
805 487 878 542 ut
909 476 1124 542 maius
1165 477 1547 543 ostenderet
1577 476 2026 560 usurpationis
2058 474 2266 560 ipsius
2297 474 2564 552 crimen,
2598 494 2679 539 eo
2715 473 2895 557 quod

483 589 551 644 et
603 580 781 662 apud
835 600 1069 643 omnes
1121 580 1190 643 in
1243 578 1659 643 confessione
1710 579 2075 643 deductum
2136 587 2267 656 est3
2328 578 2425 642 ita
2474 586 2550 641 ut
2609 596 2731 641 nec
2783 574 2897 638 de-

485 692 905 748 mortuorum
929 683 1206 748 fratrum
1253 702 1534 747 uxorem
1577 702 1985 767 quemquam
2029 684 2303 747 ulterius
2344 683 2644 767 accipere
2684 682 2899 745 liceat.

483 787 728 851 deinde
759 797 827 851 et
857 788 924 851 in
955 787 1263 851 timorem
1294 787 1593 869 redigere
1622 786 1897 869 cupiens
1928 807 2041 850 eos
2073 786 2315 850 adicit:

613 938 680 982 eo
709 915 884 1000 quod
906 915 1147 980 uindex
1168 914 1264 979 sit
1288 913 1617 979 Dominus
1643 924 1708 978 et
1734 912 1811 978 de
1836 913 2133 978 omnibus
2160 912 2323 978 istis.

615 1028 787 1092 bene
833 1028 911 1091 de
960 1028 1254 1092 omnibus
1300 1028 1560 1103 adiecit,
1613 1028 1709 1091 ita
1760 1035 1834 1090 ut
1887 1036 1956 1090 et
2002 1025 2230 1108 primis
2279 1024 2440 1089 illud
2498 1032 2763 1105 aptasse
2805 1022 2902 1085 ui-

485 1128 738 1194 deatur.
827 1137 894 1193 et
947 1129 1183 1192 iterum
1238 1129 1426 1211 quasi
1479 1137 1882 1206 contestanS,
1936 1129 2255 1210 quoniam
2309 1135 2376 1191 et
2428 1127 2683 1191 dudum
2736 1124 2903 1189 haec

487 1232 723 1295 eadem
756 1229 1022 1294 dixerat
1053 1230 1198 1305 illis,
1233 1230 1515 1294 adiecit:

615 1344 784 1409 sicut
807 1357 872 1409 et
882 1346 1340 1429 praediximus
1369 1344 1546 1409 uobis
1573 1355 1637 1409 et
1662 1344 1997 1427 contestati
2022 1366 2263 1409 sumuS.

619 1466 688 1521 et
719 1458 1079 1522 ostendens
1109 1457 1427 1540 quoniam
1459 1458 1868 1520 necessarius
1899 1458 1985 1521 sit
2016 1456 2142 1520 illis
2175 1466 2243 1521 et
2272 1458 2358 1520 de
2388 1454 2491 1520 his
2524 1474 2742 1519 sermo
2774 1479 2787 1517 :

619 1614 748 1657 non
776 1593 950 1657 enim
980 1592 1238 1657 uocauit
1265 1614 1379 1656 nos
1416 1591 1599 1658 Deus
1640 1592 1712 1656 in
1756 1592 2267 1669 immunditiam,
2300 1591 2418 1655 sed
2444 1592 2514 1655 in
2541 1591 2905 1675 sanctifica-

489 1697 744 1763 tionem.

623 1818 886 1900 ‘itaque
945 1816 1000 1879 si
1061 1817 1148 1880 ab
1205 1817 1310 1880 his
1370 1837 1494 1880 nos
1552 1816 1987 1892 continemuS,
2049 1824 2209 1880 tunc
2261 1815 2373 1879 illa
2424 1814 2685 1897 agimus
2733 1833 2905 1897 quae

491 1928 788 1982 nostram
837 1938 1033 1999 agere
1081 1919 1484 1982 conueniens
1534 1928 1638 1982 est
1689 1918 2152 1995 uocationem3
2223 1916 2492 1981 uocauit
2543 1916 2720 1980 enim
2780 1935 2904 1979 nos

389 2038 459 2105 15
491 2023 575 2086 ad
635 2020 1229 2087 sanctificationem
1284 2021 1721 2104 possessionis
1770 2021 1837 2084 in
1899 2042 2034 2104 qua
2093 2030 2162 2085 et
2220 2021 2511 2085 existere
2562 2020 2627 2083 in
2681 2017 2903 2081 futuro

491 2145 834 2208 speramus
865 2124 1148 2201 saecu10,
1179 2126 1450 2207 quando
1482 2134 1919 2208 exsurgentes
1950 2134 2018 2189 et
2050 2126 2411 2208 incorrupti
2442 2124 2657 2193 effecti
2690 2145 2906 2207 neque

491 2247 766 2309 peccare
807 2227 1080 2292 ulterius
1118 2228 1502 2310 poterimuS,
1535 2249 1739 2311 quam
1787 2238 1856 2292 et
1896 2227 2142 2291 imitari
2188 2247 2311 2290 nos
2352 2228 2717 2290 secundum
2754 2247 2907 2309 pos-

491 2330 879 2395 sibilitatem
909 2331 979 2394 in
1011 2332 1342 2413 praesenti
1374 2332 1689 2395 conuenit
1720 2332 1896 2396 uita.'
1986 2332 2231 2394 deinde
2262 2331 2465 2396 adicit
2494 2355 2509 2395 ε

619 2457 836 2540 itaque
868 2456 985 2540 qui
1019 2458 1172 2522 llaec
1206 2458 1454 2541 spernit
1489 2479 1616 2522 non
1654 2458 1975 2522 hominem
2010 2456 2257 2541 spernit
2292 2457 2410 2522 sed
2444 2457 2675 2536 Deum,
2700 2456 2824 2540 qui
2847 2466 2911 2521 et

383 2571 467 2618 20
488 2561 671 2626 dedit
699 2562 1028 2644 Spiritum
1056 2583 1250 2626 suum
1278 2573 1572 2627 sanctum
1607 2562 1679 2625 in
1710 2562 1904 2627 uobis.

593 2719 615 2754 1
653 2703 892 2753 maiorem
921 2703 1078 2754 0⁴1!
1097 2702 1107 2768 Ι
1133 2710 1182 2754 et
1209 2704 1316 2768 (bes
1323 2702 1513 2769 usurp.)
1541 2703 1647 2753 add
1668 2703 1745 2754 C*

489 2803 632 2837 orum
661 2788 703 2838 C
721 2787 871 2850 (corr)
1115 2803 1143 2850 3
1177 2803 1329 2837 uxore
1357 2786 1428 2836 C·
1455 2785 1602 2851 (corr)
1637 2791 1645 2852 Ι
1672 2788 1873 2838 alterius
1896 2805 1930 2837 r

487 2871 541 2920 in
565 2871 743 2921 timore
770 2871 814 2920 C
1010 2881 1037 2932 5
1073 2876 1123 2920 et
1143 2885 1221 2918 om
1244 2870 1314 2919 H
1503 2885 1561 2933 13
1595 2870 1786 2934 egimus
1810 2886 1842 2920 r

1959 2723 1986 2756 2
2022 2712 2071 2757 et
2093 2723 2170 2757 om
2192 2708 2263 2757 H
2280 2705 2289 2772 1
2316 2707 2605 2758 confusione
2628 2725 2660 2758 r
2683 2706 2692 2772 Ι
2720 2715 2907 2759 mortu-

2176 2810 2207 2854 4
2241 2791 2421 2841 timore
2445 2788 2561 2855 (for
2580 2789 2830 2855 timorem)
2852 2791 2917 2839 H

2039 2873 2097 2921 18
2128 2872 2235 2921 uita
2256 2887 2402 2922 conu.
2426 2889 2461 2921 r

560 3008 604 3041 1.
667 3007 720 3042 eo
755 2991 885 3056 quod
918 2998 967 3041 et
992 2992 1136 3056 apud
1157 3009 1335 3054 omnes,
1363 2992 1479 3055 &c.]
1546 2993 1652 3044 ‘As

489 3072 778 3136 everybody
791 3073 833 3123 is
850 3073 1002 3138 ready
1020 3081 1073 3123 to
1090 3072 1296 3134 admit;'
1325 3073 1385 3124 ct
1409 3087 1448 3124 1.
1465 3091 1516 3140 p.
1539 3089 1649 3140 293,

489 3154 524 3202 l.
555 3169 576 3202 1
637 3169 662 3202 s
697 3190 710 3202 .

556 3173 614 3284 αξ
665 3167 744 3283 (ita
766 3241 828 3283 ut
842 3251 928 3283 nec
947 3234 1331 3295 demortuorum,
1349 3235 1469 3296 δια]
1518 3237 1653 3285 Mar-

488 3317 626 3382 tiage
639 3316 762 3367 with
779 3333 810 3365 a
826 3317 1066 3366 deceased
1082 3317 1328 3367 brother’s
1343 3318 1456 3367 wife
1480 3333 1581 3367 was
1599 3316 1653 3366 in

489 3395 632 3445 Th.’s
663 3395 782 3445 time
812 3394 1096 3458 prohibited
1125 3395 1190 3458 by
1213 3395 1299 3444 the
1327 3395 1423 3444 law
1446 3395 1570 3443 both
1599 3393 1661 3442 of

488 3477 576 3527 the
631 3477 838 3527 Church
891 3477 991 3526 and
1037 3476 1095 3526 of
1143 3477 1226 3526 the
1275 3477 1512 3541 Empire3
1569 3491 1653 3525 see

491 3557 698 3608 Smith's
731 3557 870 3606 Dict.
905 3556 969 3620 qs
994 3556 1114 3605 Chr.
1157 3556 1367 3620 Antiqq.
1404 3555 1453 3604 ii.
1507 3566 1651 3618 1727.

490 3640 600 3689 The
624 3639 980 3688 Ante-Nicene
1003 3637 1174 3702 Synod
1193 3638 1252 3687 of
1268 3638 1318 3686 N
1321 3636 1653 3686 eo-Caesarea

490 3721 622 3780 (can.
665 3722 715 3781 α)
755 3721 940 3770 directs
985 3721 1094 3770 that
1132 3720 1185 3768 in
1221 3720 1344 3770 such
1381 3735 1520 3769 cases
1565 3719 1652 3769 the

489 3814 688 3848 woman
705 3799 833 3849 shall
855 3801 920 3849 be
943 3800 1138 3850 refused
1163 3799 1502 3850 Communion
1525 3798 1652 3849 until

490 3879 577 3929 the
601 3881 698 3929 end
723 3879 781 3928 of
798 3881 901 3941 lise,
923 3881 1024 3929 and
1047 3881 1154 3931 that
1179 3880 1263 3930 the
1286 3881 1510 3929 survi-vor
1522 3879 1653 3930 shall

491 3971 582 4014 not
609 3964 675 4013 be
705 3961 988 4012 reconciled
1023 3962 1234 4012 without
1269 3962 1566 4026 submitting
1600 3969 1653 4010 to

495 4061 665 4096 severe
708 4059 932 4110 penance
954 4062 967 4094 τ
1013 4041 1136 4106 ’γυνὴ
1181 4046 1268 4093 ἐὰν
1307 4039 1526 4104 ’γήμηται
1571 4045 1656 4091 δύο

497 4129 738 4190 ἀδελφοῖς,
759 4127 1027 4187 ἐξωθείσθω
1047 4128 1192 4188 μέχρι
1217 4127 1578 4176 θανάτου...ἐὰν
1603 4127 1654 4174 δὲ

497 4208 770 4272 τελευτήσῃ
803 4210 836 4268 ἡ
866 4207 990 4269 γυνὴ
1020 4210 1075 4257 ἐν
1106 4211 1308 4269 τοιούτῳ
1336 4210 1483 4271 γάμῳ
1511 4211 1647 4268 oben,

497 4288 606 4350 ἤτοι
634 4291 660 4339 ὸ
685 4287 822 4351 ἀνήρ,
852 4287 1087 4351 δυσχερής
1109 4285 1184 4348 τῷ
1205 4289 1418 4346 μείναντι
1449 4289 1482 4347 ἡ
1508 4289 1653 4346 μετά-

497 4361 617 4421 νοιαζ
665 4371 728 4421 In
747 4371 831 4421 the
846 4371 1006 4429 West,
1025 4368 1110 4419 the
1130 4368 1234 4418 first
1252 4368 1346 4419 co.
1366 4368 1426 4418 of
1441 4368 1655 4420 Orleans

1750 2990 1880 3057 (ΛΑ).
1920 2996 2034 3057 511)
2070 2996 2384 3046 condemned
2418 2995 2689 3058 marriages
2722 2993 2781 3043 of
2805 2991 2907 3043 this

1748 3074 1873 3124 kind
1898 3076 2125 3140 together
2146 3076 2271 3125 with
2292 3075 2438 3126 those
2463 3074 2753 3125 contracted
2784 3073 2907 3122 with

1748 3172 1781 3206 a
1816 3157 2058 3207 deceased
2098 3157 2255 3206 wife's
2300 3157 2444 3206 sister
2483 3157 2614 3216 (can.
2658 3158 2751 3206 18:
2797 3158 2907 3203 “ne

1749 3244 1997 3302 superstes
2041 3237 2193 3286 frater
2247 3245 2411 3286 torum
2465 3235 2687 3285 defuncti
2744 3235 2906 3285 fratris

1750 3318 1999 3378 ascendat,
2015 3333 2143 3367 neue
2160 3334 2215 3367 se
2230 3317 2494 3382 quisquam
2510 3315 2723 3366 amissae
2739 3317 2909 3366 uxoris

1750 3399 1908 3448 sorori
1930 3400 2109 3449 audeat
2133 3399 2323 3448 sociare
2337 3397 2405 3461 '').

1816 3476 1926 3526 The
1972 3477 2158 3527 Corbie
2196 3483 2460 3533 corrector,
2496 3476 2612 3526 who
2650 3476 2769 3526 read
2808 3475 2909 3525 this

1750 3559 1851 3609 line
1884 3555 1941 3607 de
1973 3565 2117 3607 mort.
2136 3558 2301 3622 fratr.
2337 3573 2555 3617 uxorem,
2590 3557 2682 3606 has
2714 3564 2788 3607 set
2823 3556 2909 3606 the

1748 3654 1999 3704 grammar
2028 3638 2161 3702 right
2194 3637 2402 3688 without
2430 3639 2619 3702 having
2648 3639 2825 3702 regat-d
2858 3647 2910 3688 to

1748 3721 1836 3770 the
1868 3735 2023 3770 sense.
2099 3721 2199 3769 For
2230 3719 2509 3768 demortuus
2536 3735 2619 3769 see
2646 3720 2759 3768 Liv.
2777 3737 2826 3768 v.
2846 3735 2903 3784 3¹

1756 3801 1851 3850 “in
1868 3801 2114 3850 demortui
2133 3802 2298 3852 locum
2311 3800 2357 3858 ;'’
2377 3803 2475 3852 and
2490 3802 2554 3851 cs.
2571 3803 2656 3852 the
2670 3802 2909 3851 lexx.s.v.

1815 3897 1863 3947 9.
1930 3884 2205 3948 contestata]
2238 3883 2388 3948 Vulg.
2420 3887 2452 3910 “
2474 3881 2779 3933 testificati.”

1821 3978 1897 4027 15.
1964 3965 2037 4014 ad
2058 3972 2210 4016 sanct.
2236 3965 2461 4031 possess-J
2484 3967 2567 4014 ἐπὶ
2589 3963 2661 4026 τῷ
2682 3962 2911 4027 ἁγιασμῷ

1750 4049 1835 4106 τῆς
1874 4048 2214 4108 κατασχέσεως
2256 4047 2299 4108 [ἶ
2335 4046 2396 4096 cs.
2446 4048 2570 4096 Acts
2604 4047 2691 4096 vii.
2732 4061 2778 4108 5,
2823 4059 2905 4108 45,

1752 4125 1945 4192 Vulg.].
2012 4127 2097 4176 On
2121 4125 2269 4176 Th.’s
2298 4126 2523 4176 doctrine
2554 4127 2613 4175 os
2634 4127 2720 4176 the
2749 4125 2911 4175 future

1750 4215 1878 4257 state
1901 4207 1954 4256 in
1978 4209 2041 4258 its
2070 4208 2279 4258 relation
2306 4216 2360 4258 to
2382 4208 2467 4257 the
2500 4214 2715 4274 present,
2756 4223 2839 4258 see
2871 4218 2911 4256 1.

1752 4308 1835 4357 pp.
1866 4291 2052 4342 lxxxiii.
2082 4307 2178 4356 sq..
2210 4303 2287 4354 77,
2322 4307 2429 4355 133.

1819 4389 1897 4423 το.
1972 4373 2029 4422 in
2071 4372 2225 4433 uobis]
2276 4373 2345 4423 So
2384 4372 2532 4436 Vulg.
2578 4372 2679 4420 and
2726 4370 2789 4422 Ο.
2845 4371 2903 4420 L.
