3250 5025
473 301 614 400 186'
1136 326 1594 401 ‘rimononus
1642 337 2233 399 MOPSUESTENUS
2428 317 2891 414 [V1.'17—19'.

593 515 767 579 bene
797 513 974 580 dixit
1006 515 1076 579 in
1103 515 1218 580 hoc
1241 511 1502 596 saeculo‘,
1537 522 1611 580 ut
1644 513 1957 580 ostendat
1981 515 2161 597 ipsas
2191 505 2891 596 diuitias'temporales

463 637 626 696 esse,
657 639 778 702 pro
809 619 1051 701 quibus
1081 618 1190 683 uel
1223 620 1519 684 maxime
1549 639 1685 682 non
1716 616 2159 682 conueniebat
2189 625 2265 681 ut
2295 615 2435 682 alta
2464 624 2798 698 saperent.

594 783 787 844 neque
812 771 1066 844 sperare
1095 759 1166 826 in
1198 760 1430 825 incerto
1457 759 1875 827 diuitiarum.

595 889 664 945 et
720 880 849 945 hoc
901 881 1107 946 adicit
1157 889 1235 946 ut
1285 882 1602 945 ostendat
1656 879 1975 965 quoniam
2039 900 2256 963 neque
2308 879 2377 943 in
2435 877 2566 943 hoc
2624 876 2890 944 saeculo

403 988 434 1056 5
464 985 741 1050 diuitiae
772 986 1162 1054 adiuitibus
1192 994 1388 1050 caute
1420 995 1755 1052 tenentur.

592 1133 710 1197 sed
733 1133 802 1197 in
833 1134 970 1197 Deo
999 1134 1168 1210 uiue,
1197 1133 1317 1217 qui
1326 1134 1591 1218 praebet
1615 1133 1797 1199 nobis
1826 1132 2047 1198 omnia
2076 1131 2329 1196 abunde
2356 1130 2455 1194 ad
2458 1127 2889 1214 fruitionem.

597 1254 854 1338 optime
883 1263 1112 1319 autem
1145 1257 1371 1338 posuit
1402 1256 1488 1319 de
1516 1254 1768 1319 diuitiis
1798 1253 2285 1337 temporalibus
2317 1253 2503 1317 illam
2536 1250 2888 1315 abundan-

466 1356 631 1421 tiam
690 1377 866 1439 quae
912 1377 956 1422 a
1005 1356 1156 1421 Deo
1205 1358 1399 1421 nobis
1448 1358 1663 1423 datur.
1750 1357 1900 1441 quis
1960 1357 2139 1420 enim
2188 1357 2285 1420 sic
2335 1355 2581 1420 stultus
2641 1361 2747 1418 est
2813 1361 2890 1418 ut

467 1459 729 1524 dubitet
780 1459 942 1544 quin
1002 1461 1238 1525 melius
1297 1461 1385 1525 sit
1434 1462 1502 1525 in
1566 1460 1790 1525 Deum
1851 1481 2121 1544 sperare
2182 1481 2389 1544 quam
2450 1460 2519 1524 in
2578 1458 2888 1524 diuitiis?

365 1583 444 1631 10
468 1561 646 1627 unde
677 1569 745 1627 et
775 1561 1019 1626 adiecit
1067 1563 1367 1641 ‘uiuum‚’
1399 1571 1476 1628 ut
1518 1564 1734 1646 magis
1776 1563 1941 1627 illud
1986 1572 2371 1646 exaggeret.
2463 1562 2887 1645 comparauit

469 1666 644 1731 enim
691 1687 845 1731 cum
894 1667 1024 1731 Dei
1069 1667 1602 1751 sempiternitate
1644 1667 2028 1731 diuitiarum
2071 1688 2269 1731 usum
2314 1665 2782 1749 temporalem,
2819 1673 2889 1729 et

468 1771 686 1852 ipsum
718 1789 914 1834 usum
943 1770 1121 1834 dixit
1150 1790 1297 1834 esse
1344 1768 1745 1834 ‘incertum’
1836 1779 1904 1834 et
1948 1770 2129 1854 quod
2178 1768 2399 1833 dixit:
2442 1767 2667 1833 omnia
2706 1767 2891 1833 nobis

466 1873 718 1936 abunde
753 1874 1028 1956 praebet,
1078 1895 1310 1938 uerum
1361 1895 1505 1938 esse
1554 1874 1642 1939 ab
1694 1874 1808 1938 illo
1857 1875 2009 1940 loco
2056 1894 2193 1959 quo
2244 1873 2549 1957 superius
2609 1873 2884 1937 dixerat

469 1976 742 2040 euidens
773 1987 891 2056 est,
922 1980 1240 2062 quoniam
1273 1979 1500 2044 omnia
1529 1979 1671 2043 eius
1712 1979 2001 2044 fruimur.
2066 1967 2164 2043 'et
2200 1987 2274 2042 ut
2305 1977 2694 2042 ostenderet
2725 1979 2887 2060 quia

365 2097 437 2166 15
468 2088 737 2163 oportet
767 2082 980 2164 magis
1014 2081 1165 2146 Deo
1196 2083 1452 2159 intueri,
1485 2103 1526 2146 a
1558 2103 1693 2165 quo
1734 2091 1803 2146 et
1844 2082 2144 2145 omnium
2182 2081 2513 2146 bonorum
2550 2078 2882 2143 habemus

468 2186 868 2264 fruitionem,
901 2185 1341 2268 despicientes
1387 2185 1535 2249 illas
1580 2205 1745 2268 opes
1789 2205 1964 2268 quae
2010 2185 2205 2248 nobis
2254 2185 2323 2248 in
2367 2192 2720 2268 praesente
2766 2179 2887 2247 ad-

469 2299 665 2369 sunt3
711 2289 1026 2354 conuenit
1066 2310 1226 2354 uero
1257 2310 1378 2354 nos
1409 2307 1675 2373 semper
1716 2290 1967 2372 gratias
2008 2310 2207 2372 agere
2250 2289 2403 2354 Deo
2438 2290 2552 2372 qui
2584 2288 2885 2353 omnium

469 2415 640 2479 quae
680 2394 977 2477 potimur
1005 2393 1334 2457 bonorum
1372 2402 1605 2457 auctor
1644 2402 1711 2457 et
1740 2394 2030 2456 donator
2073 2413 2218 2456 esse
2260 2393 2546 2457 uidetur.
2639 2390 2887 2455 deinde

470 2507 539 2563 et
576 2499 755 2582 quod
789 2497 1232 2562 necessarium
1262 2505 1406 2561 erat
1436 2505 1591 2581 post
1618 2496 1749 2561 hoc
1778 2496 1996 2562 facere
2026 2495 2177 2561 illos
2208 2497 2543 2575 instruxit,
2576 2495 2848 2561 dicens:

361 2665 448 2714 20
601 2640 830 2705 bonum
861 2650 1014 2723 opus
1024 2639 1264 2722 facere,
1297 2638 1535 2703 diuites
1559 2659 1690 2703 esse
1719 2637 1790 2703 in
1819 2638 2109 2722 operibus
2138 2638 2333 2717 bonis,
2349 2639 2561 2722 facile
2592 2638 2887 2718 tribuere,

468 2764 947 2810 commumcare.

599 2871 668 2929 et
699 2864 879 2946 quod
913 2863 1036 2927 erit
1065 2883 1156 2927 ex
1185 2862 1314 2928 hoc
1345 2861 1651 2928 lucrum?
1739 2862 1990 2929 dicito:

599 2996 1106 3063 thesaurizantes
1163 2997 1432 3083 (inquit)
1505 2998 1642 3063 sibi
1694 2997 1855 3082 tjbsis
1909 2996 2435 3081 fundamentum
2508 2996 2741 3063 bonum
2816 2994 2889 3060 in

452 3103 710 3187 future,
744 3111 824 3165 ut
847 3102 1332 3185 adprehendant
1357 3102 1571 3167 uitam
1599 3112 1949 3168 aeternam.

567 3251 600 3304 6
631 3252 891 3303 fruendum
916 3251 1035 3317 (for
1052 3252 1212 3315 fruit.)
1236 3268 1271 3304 r
1576 3265 1604 3319 7
1638 3260 1814 3305 contra
1836 3254 1952 3320 (sor
1969 3252 2156 3315 autem)
2181 3269 2215 3303 r
2517 3268 2572 3303 η
2609 3252 2842 3303 omnibus
2865 3269 2899 3303 r

473 3346 530 3397 15
565 3334 746 3384 intueri
770 3335 938 3385 Deum
960 3350 994 3385 r
1016 3332 1025 3399 Ι
1055 3336 1174 3386 bon.
1202 3351 1337 3386 omn.
1365 3350 1401 3385 r
1642 3334 1701 3387 16
1735 3336 1787 3385 in
1809 3352 1971 3401 praes.
1993 3351 2073 3387 om
2094 3337 2163 3386 H
2173 3352 2207 3386 r
2464 3352 2525 3406 19
2558 3336 2656 3387 iuis
2682 3336 2727 3387 C
2746 3336 2893 3402 (corr)

471 3430 533 3479 23
567 3415 942 3466 taesaudzantes
962 3416 1031 3465 H
1047 3413 1057 3480 Ι
1085 3414 1246 3481 inquit
1265 3432 1345 3467 om
1366 3431 1400 3465 r
1423 3414 1433 3481 Ι
1461 3414 1661 3467 sibimet
1689 3414 1734 3465 C
1753 3414 1899 3481 (corr)

540 3550 585 3589 1.
661 3538 871 3588 diuitias
912 3539 1216 3604 temporales]
1287 3540 1368 3591 Cf.
1418 3540 1597 3605 Chrys.
1613 3557 1630 3591 ε
1802 3554 1879 3604 13.
1934 3556 2030 3605 quo
2063 3540 2289 3605 superius
2324 3538 2549 3604 dixerat]
2615 3540 2658 3591 1.
2668 3555 2714 3591 e.
2746 3556 2815 3592 on
2846 3556 2893 3591 c.

473 3620 628 3669 καλῶς
661 3621 796 3667 εἴπεν
833 3620 917 3669 *ἐν
945 3618 1017 3681 τῷ
1048 3615 1132 3668 νῦν
1164 3617 1348 3670 αἰῶνϋ·
1381 3622 1501 3670 εἰσὶν
1532 3622 1633 3683 γὰρ
1731 3619 1799 3669 iv.
1825 3636 1873 3685 3,
1898 3636 1947 3685 q.
1975 3636 2025 3670 v.

473 3703 550 3751 καὶ
576 3701 718 3749 ἄλλοι
741 3698 965 3751 τλοῦσιοι
987 3703 1040 3751 ἐν
1058 3699 1133 3764 τῷ
1142 3704 1390 3761 μέλλοντι.
1444 3702 1631 3753 Thdt.=
1802 3716 1879 3764 15.
1933 3704 2043 3753 Deo
2061 3701 2274 3765 inertem]
2333 3697 2409 3763 τῷ
2424 3703 2519 3766 θεῷ’
2541 3702 2893 3767 προσβλέπειν.

471 3783 543 3844 τῷ
571 3782 622 3830 δὲ
655 3779 882 3845 διορισμῷ
909 3781 1180 3845 ἀναγκαίως
1210 3782 1473 3847 ἐχρήσατο·
1508 3786 1632 3835 elelr
1731 3782 1831 3833 See
1853 3798 1934 3831 vv.
1953 3782 2008 3832 11.

471 3856 571 3922 γὰρ
593 3858 816 3909 πλούσιοι
837 3861 916 3910 καὶ
939 3858 1023 3910 τοῦ
1043 3863 1306 3922 μέλλοντος
1328 3860 1515 3914 αἰῶνος.
1800 3879 1881 3915 20.
1935 3864 2117 3915 bonum
2159 3872 2281 3931 opus
2307 3864 2502 3929 facere]
2584 3865 2636 3915 A
2680 3864 2895 3929 roughly

538 3940 588 3991 6.
643 3942 980 4005 praebet...ad
999 3944 1324 4009 finitionem]
1367 3946 1434 3996 Ο.
1451 3946 1511 3995 L.
1529 3944 1631 3995 and
1733 3946 1895 3996 literal
1940 3947 2136 3996 version
2190 3946 2251 3997 of
2297 3944 2631 4010 ἀγαθοεργεῖν.
2719 3946 2891 4011 Vulg„

473 4022 645 4085 Vulg„
693 4028 725 4051 ‘⁸
743 4026 1094 4089 praestat...ad
1132 4026 1446 4077 fruendum.”
1529 4028 1633 4077 For
1734 4028 1914 4077 “bene
1935 4024 2135 4092 agere.”

457 4104 653 4168 fruitio
684 4120 768 4154 see
801 4117 840 4154 1.
875 4121 926 4171 p.
952 4120 1030 4169 31,
1058 4107 1094 4156 l.
1118 4122 1167 4172 9,
1201 4119 1264 4157 11.
1289 4123 1341 4173 p.
1371 4124 1478 4171 14¹²»
1506 4108 1542 4157 l.
1566 4106 1629 4167 63
1802 4124 1829 4158 α
1836 4124 1881 4171 3.
1930 4106 2342 4171 ἥκεσαν-ἰωκάς]
2386 4107 2458 4159 So
2474 4106 2605 4166 Gir-3
2636 4106 2723 4158 the
2743 4106 2895 4158 Latin

475 4185 572 4233 and
598 4184 662 4234 cf.
687 4186 926 4247 Paucker‚
957 4189 1110 4237 melet.
1134 4190 1290 4239 lex-ist.
1315 4190 1422 4252 alt„
1450 4206 1501 4255 p.
1531 4206 1607 4241 10.
1736 4189 1957 4239 versions
1978 4206 2066 4239 use
2096 4189 2183 4240 the
2212 4188 2528 4254 conjunctive
2559 4204 2617 4238 or
2648 4188 2895 4239 infinitive

547 4280 625 4316 10.
679 4266 857 4316 adiecit
883 4268 1145 4331 ἀἰανῆ-ι’]
1194 4270 1337 4321 Thus
1361 4271 1398 4319 it
1422 4286 1635 4336 appears
1736 4272 1823 4332 (Ο.
1850 4272 1928 4333 L.,
1959 4269 2407 4333 “thesaurizent”;
2443 4271 2613 4336 Vulg.,
2648 4272 2895 4322 “thesau-

405 4418 412 4425 ι
475 4348 584 4397 that
621 4348 737 4405 Th..
776 4348 830 4398 in
867 4365 1118 4416 company
1155 4352 1278 4402 with
1315 4352 1492 4418 Chrys.
1533 4353 1635 4403 and
1735 4351 1969 4415 rizare'').

478 4430 650 4487 Thdt„
679 4432 800 4481 read
821 4450 892 4495 τῳ
912 4429 1070 4497 ζῶντι.
1756 4446 1761 4450 ’
