3250 5025
520 334 647 415 316
1481 345 1862 395 APPENDIX
1908 346 1973 395 A.

518 521 685 596 quod
713 521 791 580 ab
820 537 896 579 eo
923 518 1251 596 regebatur,
1280 518 1359 578 ab
1382 536 1455 578 eo
1482 519 1563 578 ad
1592 517 1872 578 uirtutem
1900 517 2346 596 propositorum
2373 519 2834 590 confortabatur,
2857 519 2937 578 ab

518 635 593 677 eo
640 618 721 677 ad
766 617 917 676 haec
950 635 1106 693 quae
1144 617 1461 693 oportebat
1499 617 1847 693 ducebatur,
1895 619 1976 678 ab
2017 637 2092 678 eo
2131 618 2295 695 quod
2325 617 2580 678 decebat
2609 618 2938 678 docebatur

516 715 595 772 ab
638 732 713 773 eo
762 712 1224 791 cogitationibus
1262 714 1754 774 corroborabatur
1795 725 1860 774 ut
1901 715 1978 774 ad
2018 726 2248 775 tantum
2287 725 2593 775 certamen
2621 715 2934 773 sufficeret.

516 808 689 870 sicuti
734 822 793 870 et
840 811 1053 870 beatus
1096 808 1244 869 dicit
1279 811 1527 871 Paulus:
1566 813 1903 888 quicumque
1937 813 2089 870 enim
2127 812 2358 888 Spiritu
2395 813 2522 870 Dei
2555 821 2831 888 aguntur,
2869 813 2948 871 hi

453 929 485 988 5
515 909 803 985 suntfilii
828 908 1039 978 Dei*‚·
1078 907 1217 968 duci
1247 907 1464 984 Spiritu
1502 908 1712 968 dicens
1749 909 1884 969 illos
1925 909 2028 984 qui
2072 909 2150 968 ab
2182 927 2256 969 eo
2289 910 2710 986 gubernantur,
2746 910 2825 970 ab
2859 928 2936 970 eo

404 1078 413 1084 ⁵
515 1007 822 1081 docentur,
854 1007 930 1066 ab
961 1025 1035 1066 eo
1064 1007 1145 1066 ad
1172 1004 1383 1065 melius
1412 1004 1870 1080 constituuntur,
1893 1005 1970 1066 ab
2000 1026 2074 1066 eo
2103 1006 2575 1084 competentium
2599 1007 2935 1068 doctrinam

514 1104 834 1182 accipiunt.
920 1123 1059 1163 cum
1103 1101 1349 1163 dixisset
1384 1114 1589 1163 autem
1628 1102 1992 1180 euangelista
2029 1105 2196 1182 quod
2234 1106 2468 1183 Spiritu
2507 1113 2698 1166 sancto
2728 1108 2936 1183 plenus

514 1222 795 1279 regressus
829 1208 914 1261 est
944 1221 983 1259 a
1012 1198 1331 1272 Iordane†,
1363 1210 1568 1276 aperte
1598 1199 2031 1261 demonstrauit
2067 1202 2235 1278 quod
2261 1202 2439 1262 huius
2465 1221 2650 1262 causa
2685 1201 2938 1279 Spiritus

514 1299 704 1359 sancti
744 1298 1177 1359 habitationem
1214 1297 1279 1357 in
1316 1296 1676 1375 baptismate
1715 1298 1994 1376 suscepit,
2025 1310 2092 1359 ut
2120 1299 2262 1361 inde
2291 1299 2661 1378 propositam
2691 1311 2937 1378 caperet

416 1422 489 1461 10
516 1395 808 1456 uirtutem.
896 1397 1058 1456 unde
1088 1407 1148 1456 et
1174 1397 1254 1457 ad
1282 1407 1585 1456 certamen
1614 1395 1764 1456 illud
1805 1398 1973 1473 quod
2007 1415 2118 1474 pro
2148 1397 2322 1459 nobis
2359 1409 2484 1459 erat
2512 1400 2592 1458 ad
2622 1398 2932 1460 diabolum

512 1493 827 1552 effecturus
857 1489 1081 1569 Spiritu
1110 1491 1455 1553 ducebatur.

561 1745 611 1804 7.
700 1726 857 1809 [Act.
893 1729 1082 1789 Cone.
1113 1729 1235 1791 CP.
1270 1725 1325 1787 ii.
1362 1745 1439 1788 ιν.
1478 1746 1509 1806 7
1544 1729 1688 1810 (“et
1715 1742 1853 1808 post
1880 1729 1999 1791 alia
2020 1731 2090 1812 '').
2180 1731 2313 1810 Vig.
2351 1749 2404 1808 7.
2492 1733 2691 1809 Pelag.
2719 1731 2756 1790 l.
2782 1727 2874 1811 c.].

636 1857 859 1919 Dicant
879 1857 1056 1937 igitur
1071 1857 1246 1920 nobis
1264 1858 1535 1919 omnium
1552 1858 2001 1938 sapientissimi:
2033 1859 2081 1920 si
2098 1880 2209 1938 pro
2227 1881 2404 1922 sensu
2422 1861 2672 1922 domino
2690 1860 2932 1922 Christo

514 1953 618 2032 qui
666 1966 756 2017 est
804 1955 1133 2015 secundum
1177 1975 1417 2016 carnem
1466 1954 1657 2016 deitas
1701 1958 1859 2017 facta
1893 1968 2066 2032 esset,
2105 1957 2258 2018 sicut
2291 1958 2516 2033 dicunt,
2558 1957 2705 2035 quid
2741 1954 2932 2017 sancti

514 2050 765 2129 Spiritus
802 2051 1227 2129 cooperatione
1264 2053 1343 2114 ad
1380 2055 1529 2112 haec
1569 2052 1842 2115 Christus
1878 2053 2230 2132 indigebat?
2269 2075 2384 2116 nec
2421 2054 2582 2115 enim
2621 2051 2932 2132 Unigeniti

414 2165 483 2226 15
513 2148 701 2210 deitas
752 2149 972 2227 Spiritu
1012 2148 1321 2229 indigebat
1354 2152 1433 2212 ad
1470 2149 1968 2224 iustificationem,
2000 2151 2218 2229 Spiritu
2249 2150 2556 2230 indigebat
2583 2152 2661 2211 ad
2689 2151 2934 2211 uincen-

512 2250 657 2308 dum
687 2232 1013 2323 diabolum,
1045 2248 1264 2327 Spiritu
1292 2247 1598 2327 indigebat
1626 2251 1706 2310 ad
1735 2250 2042 2327 operanda
2061 2248 2359 2323 miracula,
2385 2249 2607 2328 Spiritu
2624 2249 2931 2327 indigebat

510 2358 579 2406 ut
606 2348 918 2409 doceretur
946 2366 1018 2408 ea
1046 2366 1199 2424 quae
1227 2344 1482 2406 decebat
1510 2365 1808 2424 peragere,
1839 2345 2060 2424 Spiritu
2087 2345 2394 2424 indigebat
2421 2359 2487 2408 ut
2514 2349 2930 2408 immaculatus

402 2449 408 2456 ’
509 2445 833 2521 adpareret.
908 2441 960 2504 si
986 2443 1145 2503 enim
1176 2461 1285 2521 pro
1313 2461 1491 2502 sensu
1520 2442 1766 2520 quidem
1795 2442 2004 2517 deitas,
2035 2443 2364 2504 sufficiebat
2391 2457 2592 2506 autem
2619 2445 2699 2504 ad
2728 2443 2932 2504 omnia

510 2543 639 2604 eius
667 2544 869 2617 uirtus,
904 2562 1148 2605 necesse
1178 2552 1299 2602 erat
1328 2540 1468 2601 inde
1498 2542 1702 2601 omnia
1728 2540 1870 2614 fieri,
1902 2552 1968 2601 ut
2006 2543 2307 2619 superflua
2336 2554 2495 2603 esset
2528 2542 2718 2603 sancti
2757 2541 2933 2621 Spiri-

410 2661 486 2701 20
513 2651 606 2700 tus
634 2638 938 2702 habitatio.
1026 2640 1135 2699 sed
1164 2658 1324 2697 nunc
1352 2647 1601 2697 unctum
1630 2657 1761 2697 esse
1790 2636 1935 2698 dicit
1963 2636 2159 2714 ipsum
2187 2637 2404 2715 Spiritu
2443 2650 2500 2699 et
2537 2638 2836 2699 habitasse
2865 2638 2929 2698 in

510 2757 586 2798 eo
623 2736 905 2815 Spiritum
940 2747 1001 2796 et
1042 2736 1119 2795 ad
1158 2735 1361 2795 omnia
1396 2734 1715 2795 adiuuasse
1753 2734 2078 2811 proposita,
2109 2746 2169 2794 et
2198 2734 2533 2794 doctrinam
2561 2734 2702 2796 inde
2729 2733 2931 2812 ipsum

509 2834 815 2912 accepisse
843 2844 902 2893 et
931 2832 1227 2905 uirtutem,
1247 2844 1307 2895 et
1334 2831 1476 2893 inde
1504 2832 1853 2909 impetrasse
1881 2830 2361 2893 iustificationem
2390 2843 2450 2892 et
2477 2832 2620 2893 inde
2647 2831 2934 2893 immacu·

508 2933 695 2991 latum
723 2933 946 2991 sactum
974 2948 1120 2991 esse.

644 3150 698 3207 8.
782 3144 942 3231 [Act.
978 3149 1165 3209 Cone.
1201 3147 1321 3207 CP.
1353 3142 1411 3205 ii.
1446 3161 1524 3204 1v.
1558 3165 1594 3222 9
1629 3142 1692 3223 (“
1711 3142 1982 3205 eiusdem
2010 3141 2318 3205 Theodori
2346 3163 2421 3203 ex
2449 3143 2624 3205 tertio
2653 3142 2805 3205 libro

1022 3254 1233 3304 contra
1260 3241 1513 3320 impium
1542 3240 1982 3320 Apollinarium
1999 3243 2074 3321 ’').
2163 3241 2298 3320 Vig.
2331 3238 2413 3323 9].

632 3378 813 3440 istum
850 3376 1027 3455 igitur
1066 3373 1260 3435 uirum
1294 3373 1359 3435 in
1392 3394 1513 3452 quo
1552 3375 1760 3435 statuit
1787 3373 2057 3435 omnium
2087 3375 2281 3435 facere
2306 3373 2610 3447 iudicium,
2639 3376 2720 3435 ad
2747 3376 2929 3437 fidem

410 3496 482 3557 25
512 3478 836 3537 futurorum
868 3494 1008 3533 cum
1036 3472 1441 3535 resuscitasset
1470 3491 1608 3532 eum
1638 3492 1714 3533 ex
1741 3471 1990 3532 mortuis
2018 3483 2080 3533 et
2105 3472 2366 3533 iudicem
2395 3472 2663 3532 omnium
2685 3472 2937 3533 demon-

514 3586 751 3635 strasset
772 3574 1103 3634 secundum
1119 3569 1281 3632 beati
1305 3570 1475 3631 Pauli
1495 3590 1711 3631 uocem
1725 3570 1776 3648 ‡,
1800 3569 2010 3632 merito
2029 3569 2257 3632 unitate
2274 3572 2352 3631 ad
2372 3572 2635 3648 seipsum
2652 3569 2929 3649 dignatus

512 3683 640 3747 est;
678 3682 737 3733 et
779 3690 887 3749 per
928 3668 1413 3730 coniunctionem
1458 3670 1535 3729 ad
1582 3688 1647 3728 se
1690 3670 1908 3729 saetam
1947 3669 2154 3730 talium
2196 3669 2548 3747 participem
2581 3668 2719 3730 fecit
2755 3680 2823 3731 ut
2871 3682 2932 3731 et

512 3768 879 3829 adorationis
933 3764 1424 3825 communionem
1469 3765 1732 3838 haberet,
1777 3765 2057 3826 omnibus
2102 3766 2346 3843 quidem
2396 3764 2637 3826 diuinae
2685 3778 2930 3827 naturae

512 3866 777 3926 debitam
805 3862 1215 3924 adorationem
1244 3861 1647 3934 reddentibuS,
1678 3862 2326 3939 comprehendentibus
2354 3874 2554 3924 autem
2581 3861 2931 3923 adoratione

409 3991 489 4049 30
512 3974 573 4024 et
600 3962 766 4023 illum
797 3982 975 4039 quem
1004 3957 1476 4037 inseparabiliter
1502 3958 1613 4019 scit
1642 3958 1755 4019 sibi
1782 3958 2185 4021 coniunctum.
2275 3980 2348 4023 ex
2383 3979 2507 4038 quo
2545 3959 2930 4020 manifestum

513 4073 604 4123 est
631 4063 797 4139 quod
824 4061 901 4121 ad
931 4058 1156 4121 maiora
1183 4078 1321 4119 eum
1349 4055 1643 4135 perduxit.

612 4250 641 4297 3
675 4234 727 4283 in
760 4233 880 4297 (sor
908 4230 995 4295 ad)
1030 4231 1082 4281 V
1238 4250 1269 4293 4
1302 4229 1435 4280 enim
1469 4244 1547 4278 om
1584 4228 1638 4277 V
1794 4242 1868 4291 13,
1903 4240 1958 4291 15
1995 4229 2232 4280 diuinitas
2258 4230 2310 4279 P
2473 4245 2525 4291 ¹⁴
2563 4229 2854 4295 operatione
2889 4231 2940 4279 V

520 4316 583 4365 18⁴
610 4316 675 4365 ad
700 4313 871 4365 omnia
888 4320 1057 4363 autem
1093 4312 1143 4362 V
1280 4308 1342 4361 26
1378 4311 1539 4360 meriti
1575 4310 1628 4359 V
1770 4324 1834 4374 30
1865 4326 1973 4361 esse
1997 4312 2115 4377 (jbr
2133 4310 2250 4377 sibi)
2285 4311 2338 4360 V
2473 4326 2528 4374 31
2569 4311 2853 4377 perduxerit
2889 4313 2940 4362 V

825 4427 854 4454 ⁴*
892 4426 1042 4477 Rom.
1068 4426 1171 4477 viii.
1202 4442 1278 4489 14.
1474 4424 1507 4479 †
1543 4426 1594 4475 S.
1629 4423 1772 4475 Luke
1793 4424 1860 4474 iv.
1894 4442 1939 4475 1.
2133 4428 2165 4485 ss
2199 4424 2346 4487 [Acts
2365 4424 2481 4474 xvii.
2508 4424 2608 4487 3¹]-
