3250 5025
458 306 583 371 272
1123 304 1581 357 Tnsononus
1631 304 2120 357 MOPSUESTEN
2131 306 2218 357 us
2701 290 2786 375 [3‚
2815 309 2874 370 4

454 479 696 545 intuitu
737 482 1008 564 pietatis
1052 482 1116 545 in
1158 482 1449 567 idipsum
1482 482 1936 561 conuenerint,
1968 502 2051 546 eo
2082 482 2264 565 quod
2297 501 2526 545 uerum
2561 489 2660 544 est
2693 478 2874 563 quod

452 602 493 645 a
518 583 814 648 Domino
844 584 1098 650 dictum
1132 597 1264 650 est:
1296 586 1413 651 ubi
1426 588 1698 669 fuerint
1722 586 1849 649 duo
1876 595 2000 650 aut
2027 596 2157 649 tres
2187 586 2256 648 in
2289 585 2546 648 nomine
2571 605 2720 659 meo,
2745 582 2882 646 illic

450 704 597 748 sum
653 686 723 749 in
768 688 975 751 medio
1018 710 1255 752 eorum.
1346 700 1415 754 et
1444 691 1602 773 quia
1650 698 1911 753 ceteros
1963 690 2032 752 in
2086 688 2502 771 praefatione
2549 686 2876 769 epistolae

450 790 732 853 credidit
762 789 889 853 illis
919 790 1401 875 adiungendOS,
1435 812 1569 856 non
1605 792 1944 856 modicum
1977 793 2038 855 ei
2069 792 2395 855 auxilium
2440 791 2525 855 ad
2559 811 2873 873 praesens

387 890 708 976 5consert
752 903 1258 975 argumentum3
1302 895 1357 957 si
1402 896 1581 958 enim
1630 894 1786 957 fidei
1830 895 2217 958 communio
2262 904 2524 958 tantam
2556 892 2870 958 fiduciam

449 995 815 1076 praebebat
848 995 977 1059 illis
1008 1006 1082 1060 ut
1106 1006 1189 1059 ‘et
1219 998 1779 1079 coniungerentur
1819 997 1954 1059 suis
1991 996 2300 1075 dominiS,
2334 997 2580 1060 iustum
2623 1005 2764 1059 erat
2806 1005 2876 1059 et

452 1097 848 1162 Onesimum
898 1099 983 1161 de
1028 1109 1249 1164 cetero
1293 1099 1656 1164 affectuose
1705 1100 1952 1175 uidere,
2007 1100 2120 1182 qui
2170 1100 2492 1181 propositi
2541 1098 2642 1160 sui
2691 1117 2874 1160 com·-

452 1201 767 1264 munione
797 1201 1057 1265 hisdem
1089 1221 1161 1263 se
1192 1202 1662 1284 exequendam
1694 1200 2211 1264 sollicitudinem
2244 1209 2642 1283 susceperat.

570 1369 803 1451 gratia
833 1369 1013 1432 uobis
1040 1380 1104 1432 et
1114 1379 1256 1451 pax
1282 1390 1325 1431 a
1354 1368 1492 1432 Deo
1506 1379 1701 1452 patre
1730 1378 1944 1431 nostro
1971 1379 2034 1431 et
2062 1368 2320 1431 domino
2341 1368 2389 1431 I
2382 1390 2489 1432 esu
2520 1368 2790 1435 Christo.

346 1526 425 1573 10
582 1506 745 1569 haec
781 1507 1051 1590 quidem
1086 1514 1241 1569 sunt
1282 1526 1455 1589 quae
1500 1515 1568 1569 et
1598 1526 1688 1568 ex
1743 1506 2261 1587 praescriptione
2308 1507 2558 1570 discere
2589 1517 2869 1589 possunt

450 1606 519 1670 hi
550 1610 663 1690 qui
694 1629 846 1671 cum
894 1608 1340 1671 sollicitudine
1390 1608 1637 1689 scripta
1675 1607 2056 1671 discutiunt.
2147 1608 2495 1672 uideamus
2537 1620 2762 1673 autem
2801 1619 2868 1673 et

451 1710 564 1774 illa
594 1731 767 1793 quae
807 1722 1187 1793 sequuntur.
1278 1711 1511 1791 incipit
1550 1719 1778 1773 autem
1825 1710 1892 1772 in
1940 1710 2124 1773 illam
2156 1710 2510 1793 epistolam
2543 1733 2745 1794 quam
2780 1714 2868 1776 ad

454 1814 910 1879 Philemonem
943 1816 1295 1898 scripserat
1326 1814 1451 1877 hoc
1486 1816 1727 1878 modo:

571 1968 840 2049 gratias
866 1988 989 2051 ago
1017 1967 1155 2031 Deo
1186 1989 1334 2033 meo.

348 2123 419 2189 15
584 2123 625 2165 a
669 2104 1030 2186 gratiarum
1078 2104 1341 2167 actione
1386 2104 1617 2186 incipit
1669 2104 1968 2179 scribere,
2023 2125 2229 2187 agens
2279 2126 2399 2187 pro
2441 2104 2568 2167 illis
2620 2104 2867 2185 gratias

457 2208 624 2282 De0‚
678 2209 869 2271 sicuti
922 2218 991 2271 et
1032 2208 1097 2271 in
1143 2208 1369 2272 multis
1410 2208 1710 2291 epistolis
1759 2208 1826 2270 id
1876 2208 2106 2273 fecisse
2151 2210 2430 2273 uidetur.
2520 2216 2594 2270 ut
2643 2216 2866 2269 autem

454 2330 588 2374 non
629 2310 964 2375 uideretur
1001 2331 1176 2374 nunc
1217 2310 1785 2393 contemplatione
1830 2309 2198 2375 litterarum
2239 2310 2486 2393 gratias
2523 2330 2718 2393 agere
2752 2329 2871 2390 pro

454 2434 552 2487 e0,
586 2414 838 2496 optime
868 2414 1072 2477 adicit
1105 2438 1117 2475 :

582 2596 825 2666 semper
850 2585 1227 2647 memoriam
1260 2585 1363 2647 tui
1370 2585 1636 2666 faciens
1669 2585 1736 2647 in
1767 2584 2166 2648 orationibus
2197 2585 2366 2646 meis.

342 2751 427 2802 20
587 2728 839 2809 inquit:
887 2728 988 2790 ‘in
1036 2727 1449 2791 orationibus
1495 2729 1659 2792 meis
1708 2747 1963 2790 memor
2008 2748 2154 2791 sum
2203 2729 2299 2791 tui
2347 2737 2413 2791 et
2459 2727 2706 2809 gratias
2748 2746 2870 2808 pro

552 2893 585 2940 8
618 2889 751 2939 idem
776 2887 892 2950 (sor
915 2884 1127 2948 hisdem)
1153 2903 1185 2935 r
1210 2884 1220 2948 Ι
1245 2887 1615 2951 exsequendum
1647 2887 1692 2935 C
1708 2902 1741 2934 r
1957 2899 2015 2934 ro
2043 2901 2114 2950 sq.
2155 2887 2278 2934 haec
2313 2885 2678 2949 quidem...hoc
2717 2886 2872 2934 modo

453 2987 531 3021 om
554 2987 586 3019 r
803 2983 859 3032 15
896 2968 984 3018 illo
1008 2968 1126 3032 (jor
1146 2969 1265 3028 illis)
1290 2985 1320 3015 r
1515 2982 1579 3017 ἰο
1612 2968 1665 3017 in
1689 2983 1758 3016 or.
1791 2984 1856 3016 m.
1882 2967 2042 3031 inquit
2067 2983 2097 3013 r

454 3100 592 3149 Tert.
615 3099 673 3148 de
701 3099 810 3148 exh.
847 3104 962 3147 cast.
995 3111 1048 3159 7:
1086 3101 1116 3124 ‘⁸
1132 3098 1219 3146 ubi
1251 3104 1367 3154 treS,
1402 3098 1611 3147 ecclesia
1713 3097 1830 3147 read
1869 3096 2052 3145 hisdem
2091 3112 2140 3144 se
2173 3096 2546 3159 exaequandum
2585 3097 2869 3146 sollrkitudi·

454 3189 545 3239 est,
570 3180 685 3230 licet
708 3177 873 3230 laici.”

526 3277 565 3312 1.
646 3262 839 3310 intuitu
882 3260 1107 3325 pretatis]
1201 3260 1281 3310 Cf.
1323 3271 1383 3310 11.
1428 3275 1480 3324 p.
1533 3275 1605 3318 10,

452 3343 487 3392 l.
524 3359 597 3404 14,
626 3349 762 3392 note.
809 3343 920 3391 The
942 3350 1085 3391 exact
1110 3341 1288 3405 phrase
1310 3342 1353 3390 is
1382 3341 1513 3390 cited
1543 3341 1611 3404 by

454 3427 539 3476 the
561 3427 687 3476 lexx.
719 3426 845 3476 from
871 3424 1197 3474 Modestinus,

522 3527 566 3560 2.
650 3509 737 3559 ubi
755 3509 978 3574 suerint,
1013 3507 1126 3568 &c.]
1194 3508 1246 3557 S.
1289 3508 1435 3556 Matt.
1471 3506 1607 3556 xviii.

456 3609 534 3653 20,
564 3593 696 3643 cited
719 3593 1013 3657 apparently
1035 3589 1161 3638 from
1196 3605 1435 3652 memory,
1472 3589 1609 3638 since

454 3675 743 3734 συνηγμένοι
808 3675 870 3732 (“
884 3670 1136 3731 collecti,”
1204 3671 1239 3696 “
1254 3670 1539 3734 cong-regati
1557 3668 1607 3730 ’')

456 3755 587 3804 finds
608 3770 675 3804 no
698 3753 869 3818 place;
906 3768 1069 3817 comp.
1098 3768 1129 3800 a
1150 3750 1339 3800 similar
1370 3750 1608 3800 omission

454 3838 507 3888 in
542 3838 597 3888 S.
636 3837 814 3886 Ambr.
845 3837 903 3885 de
924 3842 1064 3899 myst.
1085 3849 1112 3897 5
1142 3832 1337 3899 (Migne
1358 3835 1418 3882 P.
1438 3834 1501 3882 L.
1532 3831 1606 3889 16.

454 3915 589 3980 414).
670 3917 782 3966 The
814 3915 1080 3965 translator
1112 3913 1203 3962 has
1244 3913 1477 3962 followed
1524 3912 1608 3963 the

456 3999 518 4047 Ο.
542 3998 603 4046 L.
635 3997 687 4046 in
720 3997 919 4060 writing
934 3995 1145 4060 fiterint
1175 3993 1251 4044 sor
1285 3998 1445 4044 “sunt
1460 3994 1491 4015 ”
1527 3991 1603 4055 (d-

454 4079 564 4143 σίν).

522 4174 569 4222 7.
637 4159 729 4223 qui
754 4159 1007 4223 propositi,
1038 4159 1155 4221 δια]
1197 4161 1211 4185 ⁸
1228 4157 1363 4207 Who
1382 4158 1451 4221 by
1472 4158 1607 4207 shar-

453 4243 541 4306 ing
574 4241 660 4290 the
684 4240 935 4290 Christian
964 4241 1220 4290 character
1254 4240 1355 4290 had
1390 4239 1607 4304 pledged

454 4323 659 4372 himself
687 4330 742 4371 to
782 4321 867 4371 the
906 4324 1099 4373 zealous
1138 4323 1399 4386 discharge
1433 4322 1494 4371 os
1530 4323 1607 4371 his

456 4402 578 4467 duty
600 4403 817 4452 towards
838 4403 917 4451 his
940 4401 1158 4451 master.’
1223 4402 1297 4452 Or
1326 4402 1507 4452 should
1531 4418 1607 4452 we

1713 3196 1775 3228 ne
1792 3179 1817 3228 ,θ
1887 3179 1984 3229 See
2005 3195 2086 3227 vv.
2101 3179 2155 3228 ll.

1785 3258 1861 3310 16.
1915 3261 2068 3310 sicuti
2107 3267 2154 3309 et
2195 3262 2252 3308 in
2297 3260 2470 3310 multe]-
2509 3261 2624 3325 ep.].
2701 3261 2778 3312 cf.
2827 3275 2864 3312 1.

1714 3358 1801 3408 pp.
1834 3359 1938 3402 120,
1967 3345 2002 3392 l.
2028 3363 2074 3406 4,
2109 3350 2247 3401 note,
2284 3358 2393 3402 201,
2429 3342 2463 3392 l.
2499 3357 2544 3405 7,
2587 3357 2698 3407 255.
2731 3345 2765 3394 l.
2807 3359 2868 3410 93

1715 3438 1777 3474 11.
1803 3443 1853 3490 p.
1880 3441 1957 3488 42,
1987 3427 2020 3475 l.
2049 3442 2128 3475 υ.

1784 3527 1802 3560 1
1815 3523 1859 3572 7.
1892 3509 2314 3580 'contemplamus
2367 3505 2672 3572 litterarum]
2746 3514 2761 3538 ‘
2778 3511 2869 3560 Be-

1709 3606 1856 3640 cause
1889 3591 1954 3640 he
1987 3590 2252 3654 happened
2287 3597 2340 3639 to
2376 3591 2440 3640 be
2475 3588 2729 3654 writing3’
2775 3592 2868 3641 ‘on

1711 3671 1942 3720 occasion
1963 3670 2020 3720 of
2037 3671 2136 3721 this
2157 3669 2340 3720 letter!

1783 3769 1856 3819 19.
1916 3760 2105 3816 semper
2125 3753 2429 3812 memoriam,
2458 3752 2572 3813 &c.]
2625 3753 2720 3803 Th.
2752 3769 2869 3804 con-

1709 3844 1850 3886 nects
1881 3833 1954 3884 α’,εί
1991 3836 2113 3885 with
2147 3837 2316 3894 μνείαν
2349 3853 2399 3886 c.
2437 3853 2509 3896 aa,
2544 3837 2712 3887 rather
2745 3839 2868 3888 than

1711 3919 1834 3969 with
1855 3916 2144 3982 εὐχαριστῶ.
2208 3919 2262 3969 S.
2287 3919 2488 3984 Jerome
2513 3917 2641 3969 finds
2669 3920 2876 3972 himself

1710 4001 1893 4052 unable
1929 4010 1983 4050 to
2021 4000 2198 4050 decide
2235 4001 2462 4050 between
2497 4000 2582 4050 the
2615 4007 2717 4050 two
2749 4017 2868 4052 con·

1711 4082 2004 4132 structions=
2042 4083 2078 4108 “
2092 4080 2326 4144 ambigue
2347 4096 2467 4129 uero
2487 4081 2678 4131 dictum
2701 4089 2867 4132 utrum

1710 4160 1894 4224 gratias
1905 4167 2022 4223 agat
2039 4159 2151 4208 Deo
2167 4174 2258 4207 suo
2271 4175 2482 4223 semper,
2497 4175 2562 4208 an
2574 4161 2868 4210 memoriam

1711 4243 1817 4292 eius
1839 4241 1987 4291 faciat
2011 4241 2064 4290 in
2087 4239 2395 4290 orationibus
2417 4241 2520 4290 suis
2545 4255 2760 4306 semper.
2815 4251 2866 4292 et

1711 4330 1972 4388 utrumque
1994 4321 2218 4386 intellegi
2240 4329 2421 4386 potest.
2431 4321 2460 4342 ”
