3250 5025
344 362 437 445 xo,
478 369 599 453 ιι]
1084 386 1165 437 ΙΝ
1217 388 1319 439 ΕΡ.
1366 388 1469 438 AD
1517 388 2044 440 PHILEMONEM.
2630 392 2757 460 277

457 564 787 629 sufficiens
818 574 959 630 erat
989 576 1057 631 et
1087 567 1213 631 hoc
1244 571 1645 651 persuadere
1683 568 2160 647 Philemonem,
2195 589 2276 633 eo
2315 570 2494 652 quod
2541 568 2751 634 filium

328 688 524 731 suum
586 690 733 732 esse
790 670 1038 734 dixerit
1101 670 1291 734 illum
1345 692 1466 754 pro
1515 692 1653 755 quo
1706 670 1863 734 fecit
1921 672 2472 735 obsecrationem.
2564 680 2632 735 et
2678 681 2755 735 ut

328 792 413 834 ne
444 772 781 836 uideretur
817 773 1125 838 absolute
1172 774 1431 839 ‘filium'
1476 776 1872 853 nominasse,
1923 774 2106 840 nulla
2151 775 2486 841 existente
2532 796 2750 851 causa,

328 874 565 939 adicit:

452 1045 639 1107 quem
658 1028 877 1109 genui.
2823 1050 2854 1115 5

454 1163 524 1218 et
554 1155 759 1237 ipsius
789 1158 1237 1240 generationis
1268 1160 1545 1224 modum
1577 1158 1965 1241 explicans:

454 1306 525 1369 in
558 1306 838 1372 uinculis
877 1309 1050 1373 meis:

452 1430 533 1491 ‘si
586 1428 763 1513 enim
815 1450 929 1492 eos
982 1430 1095 1511 qui
1148 1450 1301 1493 cum
1356 1430 1587 1494 dolore
1640 1439 1872 1512 partus
1921 1430 2252 1512 progeniti
2299 1439 2454 1494 sunt
2500 1434 2744 1496 amoris

320 1530 561 1614 dignos
614 1532 892 1597 exhibet
930 1534 1106 1603 ratio
1153 1536 1491 1611 naturaliS‚
1526 1534 1839 1616 intellege
1881 1534 2295 1598 uinculorum
2327 1535 2627 1599 dolorem
2675 1536 2740 1599 in

320 1638 559 1718 quibus
592 1639 849 1721 positus
879 1640 1165 1704 eundem
1199 1641 1451 1722 pietate
1482 1639 1846 1721 progenui.'
2778 1658 2856 1704 10

456 1786 849 1854 Onesimum.

450 1916 617 1979 bene
649 1919 936 1999 primum
968 1920 1145 1984 dixit
1185 1922 1507 2004 propositi
1541 1924 1682 1985 eius
1723 1919 2260 1995 mutabilitatem,
2294 1926 2363 1982 et
2393 1919 2487 1981 sic
2518 1918 2742 2000 posuit

318 2038 579 2095 nomen,
627 2041 709 2083 eo
768 2022 948 2103 quod
1009 2023 1205 2085 sciret
1266 2043 1398 2086 non
1461 2024 1631 2086 bene
1689 2022 1934 2087 habere
1995 2024 2080 2086 de
2141 2043 2223 2085 eo
2279 2021 2738 2086 Philemonem

318 2130 591 2202 propter
634 2124 981 2204 pristinam
1027 2126 1353 2206 propositi
1399 2126 1540 2188 eius
1585 2128 2008 2208 prauitatem.
2099 2135 2168 2189 et
2213 2146 2366 2188 cum
2414 2148 2738 2192 memora-

318 2223 501 2287 tione
531 2225 671 2287 eius
716 2227 943 2289 statim
976 2228 1117 2290 eius
1147 2228 1420 2309 copulat
1469 2229 2002 2307 mutabilitatem,
2035 2228 2376 2312 inquiens:
2774 2244 2844 2311 15

445 2378 567 2458 qui
596 2376 847 2441 dudum
880 2377 1008 2442 tibi
1047 2380 1310 2443 inutilis·
1334 2380 1509 2461 fuit.

442 2525 598 2570 nam
631 2507 917 2572 adiectio
952 2508 1203 2574 dudum
1246 2510 1528 2576 alterum
1572 2532 1717 2576 esse
1758 2508 1934 2577 hunc
1979 2513 2280 2577 ostendit
2325 2513 2412 2578 ab
2456 2513 2571 2576 illo
2618 2514 2733 2596 qui

310 2609 567 2672 dudum
600 2609 835 2675 suerat.
915 2611 1158 2675 deinde
1189 2620 1259 2676 et
1291 2614 1704 2678 manifestius
1734 2612 1861 2677 hoc
1896 2616 2072 2679 idern
2105 2615 2305 2679 dicit:

443 2773 614 2818 nunc
638 2765 853 2821 autem
881 2767 947 2822 et
966 2757 1091 2823 tibi
1129 2771 1192 2824 et
1234 2759 1406 2825 mila·
1438 2761 1644 2827 utiles.

442 2875 877 2942 demiratione
908 2879 1186 2963 dignum
1211 2890 1313 2945 est
1335 2883 1652 2964 quoniam
1680 2881 1980 2964 inprimis
2003 2880 2252 2945 dixerit
2273 2877 2470 2961 †tibi,
2491 2877 2734 2942 deinde
2763 2899 2848 2946 20

416 3053 474 3099 ¹4
508 3037 892 3089 mutabilitatem
932 3039 1045 3104 (sor
1079 3042 1244 3105 prau.)
1282 3043 1307 3091 l
1332 3040 1341 3106 Ι
1369 3043 1901 3092 commemorationem
1947 3039 2017 3090 C*
2118 3047 2233 3106 post
2272 3056 2454 3091 comm.
2504 3039 2549 3089 C
2578 3041 2732 3102 (corr)

320 3115 377 3166 16
410 3118 682 3182 aliquando
707 3119 825 3184 (for
842 3119 1054 3185 dudum)
1080 3123 1106 3169 l

380 3262 426 3310 5.
502 3265 643 3313 quem
678 3251 855 3312 genui]
926 3251 1009 3300 cf.
1046 3261 1082 3300 1.
1120 3267 1169 3316 p.
1210 3250 1290 3319 69,
1336 3254 1369 3302 1.
1412 3251 1473 3302 16

310 3343 385 3391 sq.

381 3423 425 3472 7.
514 3410 571 3458 in
610 3411 833 3460 uinculis
872 3411 1012 3474 meis]
1094 3411 1223 3461 Meis
1260 3409 1388 3476 (μου)
1428 3412 1471 3462 is

310 3493 521 3542 omitted
544 3494 610 3557 by
632 3494 718 3544 the
741 3494 892 3543 Latin
914 3496 1151 3546 versions.

383 3591 457 3625 12.
514 3576 629 3626 bene
642 3579 1269 3643 primum...prauitatem]
1334 3580 1467 3630 Lan-

310 3656 482 3718 franc3
515 3673 599 3708 see
622 3675 701 3706 vv.
716 3659 771 3708 11.

374 3739 442 3788 sic
468 3739 638 3803 posuit
671 3741 870 3803 nomen]
916 3742 1119 3806 Chrys.:
1150 3743 1230 3792 καὶ
1262 3744 1375 3792 τότε
1408 3745 1466 3792 τὸ

308 3820 475 3880 ὄνομα·
522 3823 577 3870 οὔ
612 3823 756 3880 μόνον
793 3823 892 3887 ’γὰρ
929 3825 1014 3871 τὸν
1052 3825 1201 3883 θυμὸν
1239 3825 1465 3887 ἔσβεσεν,

309 3904 442 3952 ἀλλὰ
464 3905 546 3951 καὶ
579 3903 783 3963 ἡσθῆναι
818 3906 1097 3965 πεποίηκεν.
1164 3905 1315 3956 Oce-z
1349 3923 1465 3968 προ-

308 3985 631 4034 καταστείλας
650 3985 737 4034 τὸν
761 3987 906 4046 θυμὸν
935 3987 1094 4044 αὑτοῦ.
1130 3985 1277 4036 οὕτως
1308 3987 1463 4047 ἐξονο-

305 4071 447 4135 μάζει
468 4071 525 4119 τὸ
548 4070 714 4130 ὄνομα.

378 4167 453 4214 13·
514 4167 613 4200 non
648 4151 763 4200 bene
788 4150 962 4200 habere
988 4151 1046 4199 de
1076 4151 1148 4212 eo]
1219 4148 1274 4200 οὗ
1308 4154 1463 4202 καλῶς

305 4236 483 4296 ἔχοντα
506 4236 617 4295 περὶ
640 4235 819 4282 ἐκείνου
843 4225 977 4296 (arpos
1000 4233 1211 4294 ἐκεῖνον).

376 4333 450 4380 14.
506 4332 619 4366 cum
665 4317 1022 4372 memoratione,
1069 4316 1186 4379 δια]
1276 4315 1459 4368 '1¹11th

304 4401 563 4458 ἀνέμνησεν
584 4400 679 4446 τῶν
702 4397 939 4455 παλαιῶν,
968 4395 1079 4445 ἀλλ’
1104 4395 1234 4446 εὐθύς
1259 4400 1337 4444 καὶ
1368 4398 1459 4456 τὴν

302 4481 579 4544 μεταβολὴν
603 4483 797 4540 ἔδειξεν.

1641 3253 1714 3302 16.
1775 3252 2191 3313 άιιιίτιηήεποτέ.
2265 3252 2343 3302 Cf.
2384 3252 2518 3317 Eph.
2555 3252 2605 3302 ii.
2648 3269 2720 3304 ιῐ.

1568 3335 1682 3383 The
1705 3334 1854 3384 Latin
1879 3334 2098 3384 versions
2119 3333 2249 3382 have
2278 3335 2312 3359 ‘⁴
2326 3335 2596 3399 aliquando
2613 3334 2642 3358 ’'
2672 3352 2729 3384 or

1574 3420 1587 3442 ⁸
1596 3419 1609 3441 ‘
1624 3417 1895 3481 quondam.
1907 3413 1936 3446 ⁰

1640 3509 1716 3558 17.
1773 3513 1893 3546 nam
1916 3496 2114 3546 adiectio
2143 3495 2395 3555 ‘dudum,’
2418 3497 2535 3558 δια]
2593 3497 2727 3547 Lan·

1567 3577 1741 3627 franc:
1801 3577 2051 3626 “adiecto
2107 3577 2343 3638 [adiectio
2357 3578 2401 3638 ?]
2456 3579 2726 3642 aliquando

1566 3657 1721 3707 alium
1746 3672 1853 3707 esse
1874 3657 2010 3706 hunc
2042 3657 2260 3706 ostendit
2294 3656 2359 3705 ab
2393 3657 2482 3706 illo
2516 3657 2601 3722 qui
2635 3659 2726 3707 du-

1564 3738 1742 3789 dum.'’
1815 3737 2070 3802 Similarly
2106 3739 2171 3787 R.
2205 3738 2264 3786 of
2298 3739 2356 3786 B.
2425 3740 2718 3789 Alterum...

1562 3824 1625 3872 ab
1649 3822 1964 3884 illo=erepov
1985 3818 2232 3886 (ἑτεροῖον)
2260 3821 2454 3869 ἐκείνου.

1632 3919 1711 3953 20.
1747 3901 2040 3966 inprimis...
2037 3901 2285 3966 propositi
2303 3901 2425 3962 eius]
2451 3901 2715 3962 lanfranc,

1565 3986 1629 4035 R.
1649 3986 1708 4034 of
1723 3987 1778 4034 B.
1797 4001 1810 4042 ;
1833 4001 1916 4034 see
1933 4001 2012 4034 vv.
2031 3985 2085 4033 ll.
2123 3983 2266 4032 With
2283 3983 2380 4034 Th.
2391 3981 2430 4032 's
2447 3983 2720 4034 character·

1560 4068 1672 4118 istic
1690 4075 1956 4117 treatment
1973 4065 2030 4116 of
2041 4066 2142 4116 this
2157 4067 2299 4131 point
2317 4066 2376 4116 of
2386 4067 2534 4116 order
2548 4083 2712 4131 comp.

1561 4151 1646 4199 the
1683 4156 1960 4198 comments
1999 4148 2057 4197 of
2089 4147 2267 4212 Chrys.
2309 4145 2373 4212 (el
2408 4149 2507 4212 γὰρ
2540 4150 2720 4210 Παύλῳ

1558 4226 2032 4290 χρήσιμος...πολλῲ“
2084 4229 2276 4287 μᾶλλον
2335 4225 2410 4288 τῷ
2462 4229 2715 4291 δεσπότῃ),

1558 4313 1712 4360 Thdt.
1747 4309 1820 4370 (οὐ
1842 4313 1940 4372 γὰρ
1961 4311 2104 4372 μόνον
2135 4310 2226 4367 σοί,
2260 4311 2424 4372 φησίν,
2456 4311 2716 4373 εὔχρηστος

1558 4397 1652 4454 νῦν,
1684 4396 1816 4443 ἀλλὰ
1840 4395 1918 4442 καὶ
1949 4394 2092 4454 ἐμοί),
2120 4391 2372 4442 Ambrstr.
2404 4393 2713 4455 (“idoneum

1556 4497 1616 4528 ex
1643 4477 1804 4526 inutili
1839 4475 2024 4527 sactum
2059 4484 2160 4526 tam
2197 4475 2528 4526 saecularibus
2564 4491 2713 4539 quam
