3250 5025
551 318 574 363 1
595 317 674 378 14
1197 309 1660 362 THEoDonus
1708 308 2297 362 MOPSUESTENUS
2718 295 2877 380 [ΙΙΙ.
2920 310 2956 378 7

535 485 662 550 hoc
715 488 1143 570 pronuntiare
1203 489 1290 552 sit
1348 485 2025 568 cautum—uirtutem
2086 505 2247 548 uero
2306 504 2441 548 non
2500 492 2762 568 gestam
2822 505 2958 549 non

535 594 934 677 inoperatur.
1026 590 1270 656 deinde
1315 600 1382 654 et
1426 589 1629 653 aliam
1666 589 1831 653 dicit
1870 609 2141 652 causam
2189 588 2367 672 quod
2415 597 2724 671 oporteat
2754 588 2960 653 uirtu-

535 699 714 764 tibus
774 695 1216 761 exercitatum
1277 714 1429 756 eum
1479 713 1624 757 esse
1677 712 1796 775 per
1846 692 2075 756 omnia
2134 712 2293 776 erga
2352 693 2673 774 pietatem
2723 692 2836 776 qui
2892 693 2957 755 in

536 803 996 885 episcopatum
1029 809 1132 862 est
1162 796 1673 882 producendus:

472 957 505 1025 5
667 960 904 1034 oportet
957 960 1174 1014 autem
1231 971 1376 1013 eum
1435 959 1499 1014 et
1555 949 1790 1014 bonum
1839 947 2274 1012 testimonium
2313 947 2542 1014 habere
2580 949 2665 1013 ab
2703 948 2809 1014 his
2843 949 2964 1032 qui

518 1057 706 1142 son’s
731 1064 902 1132 sunt,
933 1064 1009 1118 ut
1035 1075 1162 1118 non
1195 1053 1264 1118 in
1295 1052 1701 1137 obprobrium
1736 1052 1985 1116 incidat
2009 1062 2073 1116 et
2098 1053 2399 1134 laqueum
2434 1053 2695 1118 diaboli.

667 1177 751 1242 ab
779 1175 886 1240 Itis
920 1175 1041 1258 qui
1061 1174 1250 1259 foris
1284 1184 1442 1238 sunt
1475 1174 1761 1252 edicenS,
1804 1172 1955 1236 illos
1995 1181 2190 1256 putat
2230 1173 2344 1256 qui
2377 1183 2572 1237 extra
2610 1173 2956 1238 ecclesiam

537 1291 710 1357 sunt,
771 1281 950 1364 apud
1013 1301 1182 1363 quos
1259 1281 1626 1343 necessarie
1708 1279 2024 1342 conuenit
2097 1279 2423 1361 integram
2500 1297 2654 1341 eum
2713 1277 2957 1342 debere

537 1385 922 1469 opinionem
954 1383 1201 1447 habere
1231 1392 1430 1467 prout
1461 1391 1721 1466 potest3
1765 1382 2011 1446 docens
2044 1384 2292 1466 pariter
2319 1393 2393 1448 ut
2429 1382 2762 1466 opinionis
2800 1403 2957 1445 suae

435 1503 516 1554 10
539 1489 956 1572 diligentiam
1018 1487 1278 1552 habeat.
1370 1506 1527 1550 nam
1591 1486 1774 1570 quod
1838 1487 2003 1551 dicit
2060 1485 2195 1550 tale
2255 1495 2375 1550 est.
2478 1496 2634 1551 sunt
2693 1488 2956 1571 aliquae

537 1592 982 1676 professiones
1023 1613 1194 1675 quae
1233 1592 1600 1655 secundum
1646 1612 1718 1654 se
1764 1589 1951 1654 illum
1998 1593 2112 1673 qui
2159 1612 2307 1654 eam
2358 1591 2707 1674 profitetur
2743 1613 2960 1676 repre-

537 1699 841 1762 hensioni
884 1697 1080 1761 subdi
1123 1697 1434 1773 efficiunt,
1465 1705 1542 1760 ut
1571 1705 1737 1779 puta
1784 1697 2183 1779 publicanus
2222 1704 2340 1759 aut
2380 1715 2596 1779 caupo
2637 1704 2755 1761 aut
2785 1696 2953 1774 lene,

537 1812 656 1867 aut
694 1813 762 1868 et
804 1800 983 1866 aliud
1022 1801 1275 1884 aliquid
1307 1801 1487 1884 quod
1542 1822 1583 1866 a
1633 1801 1934 1885 plurimis
1980 1800 2087 1865 uel
2134 1801 2527 1884 reprehendi
2574 1813 2803 1884 posset
2846 1800 2951 1865 uel

536 1907 912 1989 uituperari.
979 1908 1286 1971 uidemus
1317 1907 1563 1970 etenim
1597 1905 1977 1989 frequenter
2004 1905 2309 1970 homines
2342 1907 2427 1969 de
2458 1905 2789 1989 aliquibus
2821 1927 2953 1970 non

433 2021 506 2091 15
537 2010 788 2074 bonum
820 2010 1065 2076 habere
1097 2011 1503 2088 existimare,
1540 2032 1618 2076 ea
1650 2012 1908 2075 ratione
1952 2011 2135 2095 [qua]
2170 2011 2351 2074 uitae
2380 2031 2542 2075 suae
2573 2010 2953 2093 opinionem

537 2116 813 2179 maculis
844 2115 1240 2192 inusserunt,
1272 2125 1340 2181 et
1371 2115 1458 2180 ad
1490 2116 1933 2200 plurimorum
1966 2115 2270 2199 peruenit
2302 2115 2611 2180 notitiam
2653 2114 2809 2198 quia
2839 2123 2955 2177 aut

535 2220 876 2286 luxuriose
949 2221 1266 2285 uixerunt
1325 2230 1443 2285 aut
1520 2241 1681 2304 erga
1739 2221 2057 2303 pecunias
2130 2221 2314 2284 auari
2392 2219 2777 2295 extiterunt,
2838 2227 2955 2282 aut

535 2335 903 2391 mercatum
936 2346 1246 2390 exercere
1287 2326 1645 2390 uoluerunt
1691 2328 1781 2390 ob
1816 2327 2098 2390 iniustos
2140 2335 2207 2389 et
2245 2333 2473 2408 turpes
2504 2324 2739 2389 lucr05.
2826 2321 2955 2385 hoc

535 2449 694 2514 ergo
724 2431 869 2495 uult
899 2429 1162 2494 dicere:
1207 2431 1296 2493 ‘si
1340 2429 1547 2513 aliqui
1591 2430 1834 2494 suerint
1879 2429 2067 2509 tales,
2100 2429 2213 2513 qui
2256 2450 2345 2492 ex
2390 2429 2667 2513 antiqua
2702 2429 2844 2493 uita
2888 2438 2957 2492 et

425 2547 511 2595 20
532 2534 941 2617 professione
993 2534 1171 2618 apud
1222 2533 1526 2598 homines
1577 2535 1949 2600 existimati
2010 2545 2165 2599 sunt
2214 2534 2590 2617 prauissimi
2652 2534 2957 2599 extitisse

533 2638 804 2714 arbitrii,
847 2638 1173 2702 eiusmodi
1211 2637 1518 2701 homines
1559 2640 1876 2703 conuenit
1918 2639 2249 2703 deiectare
2280 2659 2365 2703 ne
2395 2641 2460 2703 in
2494 2638 2953 2723 episcopatum

534 2742 1001 2822 producantur,
1052 2741 1207 2805 licet
1264 2744 1318 2805 si
1365 2752 1433 2806 et
1478 2743 1832 2808 uideantur
1877 2744 2162 2809 fideliter
2206 2744 2567 2813 accessisse,
2617 2754 2686 2809 et
2742 2747 2953 2809 uitam

532 2864 723 2908 suam
773 2844 997 2907 studio
1051 2844 1397 2909 meliorum
1450 2844 1855 2921 inlustrasse,
1919 2847 2135 2910 donec
2187 2868 2306 2930 per
2358 2846 2634 2930 longum
2688 2857 2955 2930 tempus

632 2978 664 3026 8
698 2977 976 3027 necessario
998 2994 1030 3026 r
1191 2992 1244 3027 11
1282 2978 1484 3043 quidem
1503 2978 1603 3043 (ast
1623 2978 1783 3044 illum)
1808 2981 1915 3029 add
1929 2998 1962 3030 r
2117 2997 2174 3033 12
2209 2988 2383 3047 utpote
2404 2982 2474 3031 H
2664 2996 2719 3045 13
2755 2988 2804 3031 et
2827 2998 2903 3030 om
2928 2998 2962 3032 r

557 3058 568 3125 Ι
598 3060 756 3125 possit
779 3076 811 3108 r
960 3074 1016 3123 15
1053 3059 1237 3109 bonam
1261 3060 1314 3109 h.
1333 3060 1617 3111 existimare
1642 3062 1709 3110 H
1752 3062 1939 3112 bonam
1963 3063 2014 3113 h.
2053 3063 2469 3113 existimationem
2493 3080 2525 3110 r
2552 3060 2563 3126 Ι
2589 3079 2689 3127 qua
2709 3079 2786 3112 om
2816 3063 2924 3112 CH
2930 3080 2963 3111 r

537 3138 598 3189 16
621 3138 828 3188 maculis
851 3138 1148 3188 iniusserunt
1176 3138 1218 3188 C
1229 3137 1258 3164 ⁴*
1280 3138 1524 3201 [inserunt
1551 3142 1594 3190 C
1614 3141 1788 3203 (ιον-ἡ]
1825 3158 1969 3192 macu
1986 3142 2260 3192 inuiserunt
2276 3142 2381 3203 (sic)
2398 3143 2467 3191 H
2482 3141 2489 3206 Ι
2520 3143 2608 3207 qui
2624 3142 2736 3207 (for
2750 3144 2885 3207 quia)
2902 3144 2969 3192 H

543 3224 602 3271 18
637 3221 802 3285 turpia
825 3221 962 3270 lucra
986 3237 1017 3270 r
1261 3236 1317 3271 αι
1357 3221 1580 3273 deuitare
1605 3223 1719 3287 (sor
1740 3223 1943 3285 deiect.)
1965 3224 2032 3273 H
2036 3239 2068 3273 r
2283 3238 2343 3275 ἠ
2368 3224 2483 3275 licet
2505 3226 2599 3273 etsi
2620 3224 2689 3273 H
2726 3224 2841 3274 lieet
2865 3240 2897 3271 r
2922 3223 2930 3287 Ι

535 3303 796 3353 arcessisse
824 3303 867 3352 C
877 3304 944 3352 H

532 3420 740 3478 Donat„
764 3417 965 3484 passim,
982 3434 1088 3484 esp.
1106 3420 1134 3479 5
1151 3420 1230 3481 87,
1259 3420 1426 3470 where
1448 3420 1513 3470 he
1535 3421 1695 3471 main·
1803 3439 1876 3487 14,
1905 3433 2051 3483 noteg
2084 3422 2185 3472 and
2209 3422 2369 3487 infra,
2391 3439 2445 3489 p.
2474 3436 2581 3486 115,
2610 3422 2645 3471 l.
2671 3438 2751 3473 αι.

530 3501 662 3551 taius
685 3501 792 3551 that
815 3500 1026 3550 heretics
1045 3501 1144 3551 and
1167 3501 1268 3552 bad
1287 3502 1545 3553 Catholics
1559 3504 1697 3555 alike
1858 3506 2135 3569 opinionem
2192 3504 2402 3553 macrdis·
2466 3504 2649 3565 ἑνεκα-,1
2670 3526 2714 3546 =
2732 3503 2960 3569 opinioni

533 3582 725 3633 receive
741 3582 976 3650 J3aptism
998 3582 1211 3633 without
1241 3598 1307 3633 an
1329 3585 1494 3635 actual
1523 3586 1695 3636 remis-
1794 3588 2033 3637 maculas.
2102 3588 2203 3637 For
2226 3587 2396 3651 opinio
2410 3583 2587 3646 -τᾰκοή
2614 3602 2698 3636 see
2733 3586 2958 3643 Ronsch‚

529 3663 642 3715 sion
663 3663 850 3713 ossius.
1796 3671 1951 3727 Itala,
1987 3686 2039 3736 p.
2082 3672 2206 3735 3183
2239 3670 2357 3720 here
2392 3670 2491 3719 and
2525 3670 2703 3728 above,
2742 3670 2777 3719 l.
2821 3684 2867 3735 9,
2920 3670 2957 3719 it

599 3762 646 3811 7.
713 3748 809 3811 qui
835 3754 976 3796 extra
1004 3746 1270 3810 ecclesiam]
1340 3748 1440 3799 See
1474 3764 1543 3800 on
1578 3750 1692 3801 Col.
1795 3768 1955 3803 seems
1978 3760 2031 3802 to
2054 3768 2203 3802 mean
2226 3750 2541 3809 ‘character‚’
2563 3750 2907 3815 ‘reputation.’

531 3829 598 3878 iv.
623 3842 672 3892 5,
703 3844 722 3878 1
751 3830 929 3879 Thess.
953 3828 1020 3878 iv.
1050 3844 1127 3879 12.
1866 3836 1940 3884 18.
2012 3840 2181 3899 turpes
2201 3834 2379 3897 lucras]
2446 3834 2544 3885 See
2566 3850 2647 3883 vv.
2671 3833 2748 3894 u.,
2770 3831 2959 3883 and‘cf.

604 3926 680 3960 ιι.
745 3912 962 3975 quicum
975 3910 1260 3975 pmfitetur]
1327 3912 1428 3962 I-e.
1457 3912 1542 3963 the
1575 3928 1696 3963 man
1802 3927 1840 3964 1.
1866 3932 1915 3981 p.
1944 3930 2026 3981 93,
2049 3916 2085 3965 1.
2109 3930 2155 3980 9,
2183 3924 2321 3966 note.

533 3994 648 4043 who
671 3994 852 4043 carries
874 4009 942 4043 on
973 4009 1073 4058 any
1098 3994 1157 4043 of
1183 3994 1322 4059 these
1348 3998 1687 4060 occupations.
1872 4013 1950 4047 22.
2002 3997 2231 4062 fideliter
2250 3995 2519 4059 accessisse]
2564 3998 2613 4046 A
2620 3997 2847 4058 rcessisse,
2874 3998 2964 4048 the

531 4076 644 4125 The
660 4076 872 4125 Gk-was
889 4076 1134 4141 probably
1144 4078 1228 4126 τὸν
1241 4076 1689 4139 ἐπαγγελλόμενον,
1805 4081 2011 4145 reading
2032 4080 2092 4130 of
2108 4081 2192 4131 the
2215 4081 2389 4141 MSS„
2418 4080 2461 4129 is
2484 4080 2601 4129 here
2624 4080 2762 4144 quite
2784 4088 2962 4130 unten·

531 4160 632 4209 and
677 4159 762 4209 the
801 4160 1070 4210 translator
1106 4160 1270 4225 sorgot
1307 4162 1420 4211 that
1456 4178 1488 4212 a
1531 4162 1697 4227 plural
1804 4164 1935 4213 able.
1960 4164 2073 4213 The
2091 4162 2369 4213 correction
2384 4160 2726 4211 whichlhave
2737 4162 2961 4227 adopted

531 4258 668 4293 noun
691 4241 792 4291 had
810 4242 913 4306 just
937 4244 1202 4307 preceded.
1801 4243 1930 4296 from
1972 4245 2100 4295 Rab.
2136 4261 2297 4295 seems
2326 4250 2381 4293 to
2420 4259 2566 4293 mean
2608 4245 2687 4293 ‘to
2720 4242 2849 4293 have
2886 4260 2961 4294 re-

601 4342 674 4377 ιιι.
749 4325 973 4391 utputa]
1008 4326 1090 4376 Cf.
1108 4338 1143 4377 1.
1173 4342 1225 4392 p.
1253 4326 1364 4391 276,
1391 4328 1427 4378 l.
1458 4345 1532 4390 14,
1559 4336 1697 4379 note.
1800 4328 1976 4377 ccived
2013 4324 2288 4393 baptism’3
2331 4342 2399 4376 on
2446 4325 2532 4375 the
2570 4324 2965 4390 corresponding

601 4422 618 4456 ι
631 4422 675 4469 5.
742 4407 916 4456 habere
944 4408 1242 4469 existimare]
1311 4410 1387 4459 Cf.
1433 4423 1470 4459 1.
1507 4426 1557 4475 p.
1585 4426 1633 4476 9,
1661 4412 1695 4460 1.
1798 4425 1940 4459 sense
1956 4408 2188 4461 osu-cortis
2205 4426 2288 4460 see
2302 4410 2480 4468 above,
2496 4424 2546 4473 p.
2570 4422 2676 4466 ιη,
2696 4408 2727 4457 1.
2750 4409 2796 4465 8,
2822 4416 2957 4459 note.
