3250 5025
534 362 662 444 328

528 547 592 608 δὲ
632 547 700 609 ‘rc‘
746 546 909 629 ἅγιον
962 551 1023 607 ἐκ
1074 550 1177 624 τῆς
1230 545 1361 606 θεοῦ
1412 543 1692 627 τυγχάνον

528 661 741 738 οὐσίας,
792 661 900 744 οὐχ
944 660 1086 736 υἱόν,
1136 661 1266 723 θεόν
1311 662 1375 721 δὲ
1428 661 1563 723 ὄντα
1613 664 1689 740 τῇ

528 775 711 857 oio-Q,
736 777 808 843 ὥς
828 779 1035 854 ἐκείνης
1060 775 1124 838 ὃν
1146 781 1251 854 τῆς
1276 775 1471 842 οὐσίας
1496 773 1686 856 ἧσπέρ

438 961 445 969 ,
529 897 686 955 ἔστιν
710 893 745 955 ὅ
771 894 897 958 θεός
925 893 1016 954 καὶ
1042 893 1245 971 πατήρ,
1276 893 1340 964 ἐξ
1365 889 1539 972 οὗπερ
1566 889 1686 952 κατ’

1067 1005 1246 1072 ἡμεῖς
1301 1010 1427 1091 γάρ,
1483 1009 1683 1087 φησίν,

527 1121 596 1198 όγ’
642 1124 717 1188 τό
756 1125 1001 1200 unt-:Yam
1046 1125 1350 1192 ἐλάΒοΜεΝ
1395 1126 1507 1200 τοῨ
1544 1126 1683 1190 κόε-

462 1028 498 1090 5
526 1007 729 1071 οὐσίαν
787 1009 958 1072 ἐστίν.

526 1266 665 1321 μογ,
689 1244 847 1309 ἀλλὰ
878 1246 951 1310 τὸ
982 1249 1229 1322 πΝεῨΜΔ
1259 1247 1334 1312 τὸ
1366 1246 1438 1311 ἐκ
1470 1242 1685 1320 θεοῨ’·

523 1363 627 1439 τῆς
652 1362 757 1438 μὲν
784 1362 1018 1427 κτίσεως
1044 1363 1408 1444 α’ποχωρίσας
1434 1362 1681 1440 ἁπάσης,

527 1476 633 1555 θεῷ
660 1475 719 1535 δὲ
744 1474 1016 1556 συνάψας,
1048 1477 1108 1548 ἐξ
1134 1472 1309 1554 οὗπερ
1338 1473 1459 1536 κατ’
1485 1474 1684 1536 οὐσίαν

424 1618 497 1659 10
524 1588 685 1650 ἐστὶν
712 1587 974 1660 ἰδιάζοντι
998 1587 1152 1670 λόγῳ
1176 1587 1333 1667 παρὰ
1359 1591 1553 1649 πᾶσαν
1576 1588 1684 1664 τήν

525 1704 727 1782 κτίσιν,
771 1702 843 1782 ἢν
883 1703 949 1764 οὗ
990 1702 1108 1765 κατ’
1140 1703 1342 1765 οὐσίαν
1367 1701 1502 1765 ἀλλ’
1530 1701 1683 1784 αἰτίᾳ

522 1819 887 1902 δημιουργίας
926 1825 987 1880 ἔκ
1030 1821 1161 1882 θεοῦ
1186 1820 1488 1897 νομίζομεν
1516 1818 1681 1880 εἶναι·

524 1940 618 2000 καὶ
672 1937 801 2002 οὔτε
851 1937 974 2001 υἶόν
1025 1939 1338 2018 νομίζομεν,
1396 1936 1525 1998 οὔτε
1587 1935 1682 1998 διὰ

520 2053 644 2114 υἱοῦ
689 2051 795 2130 τήν
847 2049 1083 2129 ὕπαρξιν
1137 2051 1389 2128 εἰληφός.
1472 2048 1678 2127 ὁμολο-

420 2199 490 2261 15
520 2173 731 2252 γοΰμεν
772 2169 833 2230 δὲ
873 2169 1089 2248 πατέρα
1127 2171 1347 2230 τέλειον
1387 2166 1679 2247 προσώπῳ

518 2281 614 2341 καὶ
652 2282 775 2342 υἶὸν
808 2279 1011 2357 ὁμοίως
1045 2282 1142 2342 καὶ
1174 2284 1395 2359 πνεῦμα
1429 2280 1491 2340 δὲ
1518 2278 1682 2362 ἅγιον

520 2392 798 2470 ὦσαῦτως,
840 2395 1165 2474 σωζομένου
1211 2401 1312 2455 τοῦ
1358 2394 1536 2476 λόγου
1577 2397 1680 2473 τῆς

521 2509 815 2590 εὐσεβείας
853 2508 990 2591 ἡμῖν
1034 2515 1112 2594 τῷ
1157 2512 1373 2592 πατέρα
1416 2509 1510 2571 καὶ
1556 2509 1680 2572 υἶὸν

517 2624 721 2704 ὅμοίως
773 2628 869 2687 καὶ
919 2630 1142 2705 πνεῦμα
1195 2625 1355 2708 ἅγιον
1405 2625 1487 2705 μή
1531 2629 1680 2705 τρεῖς

416 2768 491 2808 20
517 2738 672 2804 τινὰς
701 2739 1003 2817 διαφόρους
1028 2737 1225 2802 οὐσίας
1242 2739 1503 2815 νομίζειν,
1522 2738 1678 2800 ἀλλὰ

514 2856 653 2934 μίαν
688 2860 764 2937 τῇ
798 2854 1095 2931 ταυτότητι
1125 2860 1227 2930 τῆς
1254 2853 1516 2930 θεότητος
1538 2880 1677 2935 γνω-

512 2966 820 3048 Ριῑομὲνην·

596 3080 709 3161 χρὴ
760 3080 820 3141 δὲ
868 3080 965 3139 καὶ
1009 3080 1140 3156 περὶ
1184 3081 1287 3157 τῆς
1334 3080 1671 3158 οἰκονομίας,

514 3184 585 3263 ἢν
638 3184 778 3266 ὑπὲρ
831 3189 931 3263 τῆς
970 3184 1243 3263 ἡμετέρας
1288 3184 1573 3265 σωτηρίας
1616 3190 1678 3247 ε’ν

415 3326 446 3366 2
452 3322 487 3385 5
516 3295 590 3373 τῇ
672 3290 816 3352 καταῖ
882 3290 984 3353 τᾶν
1062 3290 1350 3367 δεσπότην
1414 3289 1675 3370 Χριστὸν

518 3399 813 3478 οἰκονομίᾳ
894 3396 930 3460 o‘
1000 3396 1285 3475 δεσπότης
1352 3399 1676 3470 ἐξετέλεσεν

520 3506 664 3581 θεός,
722 3506 924 3567 εἰδέναι
974 3504 1063 3567 ὅτι
1116 3504 1148 3567 ό
1205 3504 1485 3582 δεσπότης
1546 3504 1674 3569 θεὸς

516 3612 691 3695 λόγος
735 3611 1028 3691 ἄνθρωπον
1072 3612 1309 3689 εἴληφεν
1348 3614 1569 3673 τέλειον
1615 3618 1678 3672 ἐκ

518 3720 842 3798 σπέρματος
877 3716 1013 3780 ὄντα
1044 3714 1317 3796 Ἀβραὰμ
1342 3718 1437 3779 καὶ
1464 3718 1676 3796 Δαβίδ,

414 3856 496 3915 30
520 3827 661 3889 κατὰ
728 3826 832 3906 τὴν
899 3826 1256 3910 ὃιαγόρευσιν
1330 3831 1441 3889 τῶν
1517 3829 1678 3890 θείων

518 3937 770 4017 γραφῶν,
808 3937 975 3995 τοῦτο
1009 3932 1146 3995 ὅντα
1178 3932 1282 4011 τὴν
1320 3932 1497 4009 φύσιν
1536 3932 1677 4013 ὅπερ

456 4070 465 4079 ·
518 4041 672 4120 ἦσαν
712 4046 909 4105 ε’κεῖνοι
937 4041 1117 4122 ὦνπερ
1148 4046 1209 4103 ἑκ
1236 4042 1562 4121 σπέρματος
1586 4041 1675 4120 ἦν,

520 4146 814 4228 ἄνθρωπον
832 4149 1053 4209 τέλειον
1076 4148 1182 4225 τὴν
1208 4146 1387 4225 φύσιν
1408 4151 1467 4207 ἐκ
1495 4153 1682 4229 ψυχῆς

656 4296 684 4345 5
702 4298 779 4348 sq.
812 4278 1218 4347 ὑμεῖς...έλόβετε
1240 4282 1338 4334 cod.
1365 4282 1490 4334 Par.

654 4364 687 4414 8
719 4361 866 4415 αὐτὸν
888 4367 1106 4429 χωρίσας
1124 4366 1223 4417 cod.
1247 4367 1371 4417 Par.

1491 369 1876 424 APPENDIX
1921 371 1985 423 A.

1796 543 1912 606 Dei
1956 542 2287 607 substantia
2337 546 2438 606 uel
2493 543 2770 619 essentia,
2825 563 2952 606 non

1793 641 1896 720 qui
1937 641 2091 703 filius
2125 643 2218 717 sit,
2248 644 2419 704 Deus
2438 655 2643 704 autem
2669 643 2948 716 essentia,

1791 750 2096 817 tamquam
2152 740 2256 817 qui
2313 739 2390 800 sit
2443 739 2600 801 illius
2653 739 2952 801 essentiae

1790 837 1960 897 cuius
2000 847 2092 897 est
2128 836 2296 897 Deus
2341 838 2536 911 Pater,
2575 855 2651 898 ex
2693 855 2816 914 quo
2865 855 2952 895 se·

1789 933 2054 994 cundum
2096 933 2416 994 essentiam
2465 944 2574 994 est.
2621 952 2724 992 nos
2763 932 2948 1006 enim,
3013 945 3041 1005 5

1790 1027 1986 1106 inquit
2079 1028 2386 1107 scriptura,
2469 1051 2585 1091 non
2675 1031 2946 1107 spiritum

1790 1126 2003 1184 mundi
2041 1126 2217 1186 buius
2263 1128 2584 1204 accqimus,
2623 1127 2728 1187 sed
2764 1126 2948 1204 Spin‘-

1789 1229 1913 1280 tum
1945 1223 2054 1297 qui
2081 1230 2168 1282 est
2197 1242 2272 1282 cx
2299 1224 2430 1283 Deo
2443 1247 2468 1293 ,·
2507 1223 2585 1282 ab
2614 1221 2782 1283 omni
2809 1241 2946 1282 eum

1788 1329 2056 1379 creatura
2104 1319 2388 1394 alienans,
2436 1322 2576 1381 Deo
2619 1339 2764 1380 uero
2809 1339 2948 1380 eon·

1785 1411 2041 1492 iungens
2084 1427 2143 1476 et
2183 1419 2492 1494 copulanS,
2535 1436 2612 1478 ex
2654 1436 2780 1494 quo
2825 1417 2948 1496 (uel
2978 1437 3045 1476 10

1788 1512 1868 1572 de
1901 1512 2048 1591 quo)
2091 1521 2182 1572 est
2230 1514 2562 1574 secundum
2603 1513 2944 1586 essentiam,

1789 1609 2030 1688 speciali
2051 1609 2335 1671 uidelicet
2353 1608 2587 1672 ratione
2615 1631 2798 1689 supra
2824 1631 2948 1672 om-

1787 1725 1930 1767 nem
1984 1708 2340 1769 omnimodo
2385 1720 2732 1782 creaturam,
2789 1728 2948 1786 quae

1786 1825 1912 1867 non
1955 1808 2285 1868 secundum
2326 1806 2646 1868 essentiam
2689 1807 2810 1868 Dei
2839 1810 2947 1868 sed

1785 1905 2118 1964 secundum
2148 1906 2314 1981 quod
2334 1906 2562 1965 factura
2583 1915 2672 1965 est
2699 1925 2946 1966 causam
2976 1929 3040 1990 15

1784 2001 2013 2062 habens
2041 2021 2115 2062 ex
2138 2003 2276 2062 Deo
2298 2021 2429 2062 esse
2449 2013 2725 2080 putatur3
2762 2022 2945 2080 quem

1782 2118 1984 2176 neque
2044 2099 2234 2159 filium
2299 2119 2498 2178 neque
2559 2119 2668 2178 per
2726 2099 2944 2160 Filium

1785 2195 2163 2258 existentiam
2253 2197 2555 2275 accepisse
2641 2209 2940 2275 putamus

1786 2295 2142 2354 confitemur
2180 2305 2383 2355 autem
2431 2296 2669 2356 Patrem
2709 2293 2774 2354 in
2815 2315 2943 2374 per-

1785 2411 1937 2453 sona
1987 2395 2316 2471 perfectum
2363 2405 2425 2454 et
2473 2392 2690 2454 Filium
2744 2393 2946 2455 simili-
2973 2418 3042 2458 20

1781 2501 1888 2565 ter,
1925 2503 2199 2553 sanctum
2234 2512 2474 2571 quoque
2508 2491 2788 2571 Spiritum
2817 2493 2946 2572 pari

1785 2588 1988 2661 modo,
2028 2589 2194 2649 salua
2223 2589 2398 2649 nobis
2435 2588 2666 2649 ratione
2701 2588 2942 2667 pietatis

1784 2687 1847 2746 in
1865 2706 1984 2765 qua
2002 2691 2240 2749 Patrem
2264 2700 2323 2750 et
2342 2688 2556 2749 Filium
2575 2700 2636 2750 et
2657 2688 2942 2771 Spiritum

1783 2797 2055 2845 sanctum
2098 2806 2222 2847 non
2255 2799 2372 2847 tres
2410 2786 2640 2864 aliquas
2674 2786 2944 2849 diuersas

1782 2893 2060 2960 putemus
2102 2902 2235 2944 esse
2268 2882 2568 2955 essentias„
2607 2886 2716 2944 sed
2758 2904 2943 2945 unam
2970 2902 3040 2964 25

1783 2979 1846 3039 in
1875 2979 2112 3042 deitatis
2140 2980 2370 3043 unitate
2397 2992 2459 3043 et
2485 2981 2776 3060 parilitate
2803 3002 2944 3061 oog-

1785 3076 2103 3137 noscimus,

1864 3184 2103 3252 oportet
2138 3187 2342 3237 autem
2390 3188 2450 3237 et
2499 3176 2576 3237 de
2631 3175 2941 3254 dispensa·

1783 3272 1964 3347 tione,
2011 3294 2192 3351 quam
2241 3276 2569 3335 secundum
2628 3273 2940 3336 dominum

1783 3372 1983 3431 Iesum
2027 3370 2329 3433 Christum
2369 3391 2479 3449 pro
2513 3372 2700 3433 salute
2739 3382 2944 3431 nostra
2969 3393 3047 3451 30

1781 3468 2222 3531 consummauit
2250 3470 2530 3531 dominus
2549 3472 2734 3545 Deus,
2761 3488 2944 3531 nosse

1783 3586 1896 3628 nos
1933 3567 2222 3643 quoniam
2258 3570 2426 3629 Deus
2456 3568 2724 3629 Verbum
2752 3566 2946 3627 homi·

1780 3685 1923 3726 nem
1961 3664 2224 3744 suscepit
2251 3668 2582 3745 perfectum
2612 3686 2686 3727 ex
2711 3666 2944 3729 semine

1782 3764 2088 3824 Abraham
2161 3774 2223 3824 et
2301 3763 2523 3838 Dauid,
2609 3764 2940 3825 secundum

1781 3860 2198 3939 scripturarum
2209 3860 2548 3921 diuinarum
2559 3862 2811 3940 eloquia,
2824 3863 2946 3923 hoc
2973 3882 3008 3938 3
3015 3876 3049 3939 5

1779 3966 2082 4018 extantem
2111 3957 2444 4016 secundum
2468 3966 2744 4016 naturam
2773 3957 2940 4034 quod

1779 4066 1946 4116 erant
1967 4066 2027 4115 et
2043 4052 2130 4115 illi
2155 4073 2411 4133 quorum
2433 4066 2558 4115 erat
2584 4075 2660 4116 ex
2685 4053 2944 4131 semine;

1781 4150 2090 4213 hominem
2167 4162 2379 4213 natura
2445 4152 2796 4229 perfectum,
2867 4170 2944 4211 ex

2233 4281 2480 4336 26Deib

1516 4482 1545 4507 ⁴*
1586 4498 1606 4533 1
1637 4483 1756 4533 Cor.
1779 4482 1834 4532 ii.
1863 4498 1937 4533 η.
