3250 5025
387 1598 466 1647 10

385 2181 456 2249 15

460 359 621 434 ¹128

1155 367 1616 419 THEODORUS
1666 367 2255 420 MOPSUESTENUS

2490 355 2649 439 [ΙΙΙ.
2692 374 2783 434 10,
2825 373 2917 420 11.

623 562 781 606 nam
814 541 995 624 quod
1029 540 1208 605 dixit
1232 539 1622 616 ministrent,
1641 538 1768 604 hoc
1801 549 1921 618 est,
1954 538 2435 622 ‘producantur
2469 539 2531 602 in
2567 541 2875 604 diaconia
2888 541 2921 603 .'

490 665 573 707 eo
605 645 786 727 quod
821 665 944 708 nec
973 652 1238 727 poterat
1268 642 1408 707 fieri
1441 651 1515 707 ut
1565 643 2033 716 ministrarent,
2076 643 2131 705 si
2178 662 2312 705 non
2350 643 2638 725 primurn
2672 642 2916 707 fuerint

489 749 798 814 ordinati.

888 749 981 813 sic
1031 749 1296 812 uidetur
1353 769 1473 831 per
1529 747 1756 810 omnia
1805 747 2040 810 beatus
2095 745 2339 809 Paulus
2389 746 2475 810 de
2528 745 2641 811 illo
2688 747 2801 830 qui
2846 747 2913 810 in

491 853 857 918 ministerio
916 860 1019 916 est
1078 851 1547 935 producendus
1606 849 1910 924 scribere,
1988 858 2061 912 ut
2135 849 2386 913 bonum
2448 850 2911 914 testimonium

425 955 736 1037 shabeat
765 951 873 1019 'ex
927 954 1282 1038 praeterita
1331 954 1514 1030 uita;
1584 973 1719 1015 non
1768 961 1995 1015 tamen
2050 949 2355 1014 absolute
2404 959 2470 1015 et
2520 951 2795 1015 fortuito
2848 951 2913 1014 in

490 1056 856 1122 ministerio
917 1058 1336 1140 producatur.

1427 1054 1671 1118 deinde
1731 1053 1891 1136 quia
1948 1051 2247 1115 diaconos
2294 1051 2486 1128 dixit,
2547 1071 2904 1116 commune

491 1183 649 1226 uero
701 1161 828 1225 hoc
878 1180 1120 1223 nomen
1175 1169 1276 1223 est
1325 1158 1530 1221 etiam
1584 1167 1652 1221 et
1714 1156 2105 1220 mulieribus
2165 1174 2339 1237 quae
2400 1155 2466 1218 in
2521 1155 2649 1222 hoc
2708 1177 2915 1241 opere

489 1267 961 1349 producuntur,
994 1263 1248 1347 optime
1278 1263 1479 1327 adicit
1507 1286 1521 1326 ε

620 1431 920 1496 mulieres
946 1430 1258 1495 similiter
1267 1429 1566 1512 pudicas.

620 1593 753 1637 non
790 1573 920 1638 hoc
959 1573 1105 1637 uult
1135 1573 1354 1638 dicere
1395 1574 1460 1636 in
1497 1572 1628 1636 hoc
1671 1571 1821 1635 loco
1865 1571 2185 1654 quoniam
2230 1571 2550 1635 conuenit
2598 1591 2713 1635 eos
2742 1572 2913 1635 tales

488 1677 733 1741 habere
774 1697 1039 1756 uxores,
1071 1677 1188 1740 sed
1227 1675 1544 1758 quoniam
1589 1683 1658 1739 et
1700 1673 2009 1738 mulieres
2056 1694 2230 1756 quae
2273 1674 2571 1738 diaconis
2616 1672 2910 1736 officium

489 1779 765 1864 implere
823 1790 1208 1844 statuuntur
1280 1779 1530 1843 similes
1611 1799 1759 1842 esse
1814 1779 2150 1856 conuenit,
2212 1787 2288 1843 ut
2361 1779 2625 1842 uirtutis
2684 1780 2909 1845 studio

488 1905 702 1967 aeque
733 1884 864 1948 sint
897 1882 1301 1947 inlustratae.

617 2072 746 2115 non
774 2053 1200 2117 accusatrices.

1394 1902 1551 1946 nam
1582 1890 1653 1946 et
1684 1882 1751 1944 in
1782 1881 1931 1946 loco
1962 1881 2089 1946 hoc
2120 1882 2274 1946 ideo
2305 1881 2592 1946 adiecit:

621 2195 702 2238 eo
733 2175 911 2257 quod
945 2174 1313 2238 necessarie
1342 2171 1480 2237 fieri
1513 2172 1729 2236 soleat
1757 2179 1833 2235 ut
1866 2179 2127 2236 ceterae
2160 2171 2469 2236 mulieres
2500 2172 2911 2240 confidenter

661 2377 680 2411 1
721 2360 772 2409 in
796 2375 873 2409 om
899 2375 932 2407 r
1136 2357 1169 2409 6
1201 2357 1459 2408 communi
1479 2358 1548 2408 H

560 2542 602 2575 1.
674 2524 976 2585 ministrent,
1003 2524 1057 2573 h.
1076 2540 1135 2581 e.‚
1149 2524 1519 2589 producantur]
1554 2523 1649 2573 Le.

489 2606 1322 2670 διακονείτωσανεπροαγέσθωσαν
1346 2608 1416 2657 εἰς
1435 2608 1527 2667 τὴν
1552 2608 1653 2655 δια-

489 2690 665 2740 κονίαν.
979 2746 982 2750 ,

554 2770 809 2832 diaconia]
866 2769 948 2819 Cf.
971 2777 1140 2835 supra,
1172 2787 1222 2835 p.
1245 2770 1328 2835 98,
1373 2770 1407 2820 1.
1437 2785 1481 2834 3,
1507 2776 1644 2819 note.

486 2914 495 2921 ο
555 2850 604 2901 6.
670 2868 925 2901 commune
957 2868 1010 2900 u.
1043 2852 1129 2901 hoc
1161 2868 1352 2912 nomen,
1380 2851 1494 2913 δια]
1563 2850 1645 2901 Cf.

492 2932 644 2981 Rom.
691 2932 793 2980 xvi.
835 2948 880 2989 1,
926 2928 1078 2982 οὖσαν
1122 2931 1359 2981 διάκονον.
1427 2931 1548 2981 And
1591 2947 1649 2981 so

477 3012 674 3077 passim
707 3012 759 3061 in
795 3012 998 3062 Church
1033 3012 1240 3069 writers,
1281 3012 1372 3062 but
1411 3012 1532 3062 with
1563 3012 1649 3062 the

479 3093 746 3147 ‚collateral
777 3094 904 3143 form
918 3094 1203 3143 διακόνισσα
1229 3092 1339 3158 (αξ.
1366 3094 1526 3143 Cone.
1553 3094 1647 3143 Ni-

489 3190 629 3224 caen.
653 3190 761 3224 cem.
799 3172 905 3234 16›;
943 3175 1028 3225 the
1054 3176 1230 3226 Latius
1261 3191 1350 3226 use
1383 3174 1508 3224 both
1540 3175 1649 3224 dae'a-

487 3256 678 3305 com‘ssa
701 3257 800 3305 and
823 3256 1050 3306 diacona.

562 3355 637 3389 11.
705 3339 938 3388 mulieres
965 3354 1090 3404 quae
1121 3338 1352 3399 diaconis,
1391 3339 1506 3402 δια]
1574 3340 1647 3391 So

489 3421 692 3485 Chrys.:
763 3418 1011 3481 ’γυναῖκας
1070 3420 1330 3471 ὡσαύτως·’
1407 3423 1650 3473 διακόνους

487 3504 830 3565 φησίν...τινὲς
852 3501 1020 3553 ἅπλῶς
1040 3504 1151 3565 περὶ
1164 3504 1406 3565 γυναικῶν
1429 3506 1649 3567 εἰρῆσθαι

488 3587 632 3636 τοῦτό
654 3593 822 3647 φασιν.
858 3588 942 3635 οὐκ
965 3587 1098 3635 ἔστιν
1121 3586 1192 3635 δέ·
1225 3587 1276 3633 τί
1296 3588 1395 3647 γὰρ
1417 3588 1648 3649 ἐβούλετο

485 3668 668 3728 μεταξὺ
689 3662 784 3715 risu
819 3666 1077 3729 εἰρημένων
1109 3666 1444 3728 παρεμβαλεῖν
1466 3683 1514 3715 τι
1537 3668 1647 3727 περὶ

486 3745 756 3809 ’γυναικένς
793 3748 927 3795 ἀλλὰ
961 3747 1072 3810 περὶ
1109 3743 1205 3794 τῶν
1236 3746 1295 3795 τὸ
1331 3747 1520 3807 ἀξίωμα
1558 3750 1647 3807 τῆς

487 3832 724 3880 διακονίας
745 3824 963 3890 ἐχουσῶν
979 3829 1146 3890 φησίν.
1183 3828 1370 3877 Thdt.:
1393 3828 1644 3878 τουτέστιν

489 3913 746 3962 διακόνους.
802 3912 950 3961 Oec.:
987 3912 1042 3959 οὐ
1063 3912 1151 3961 τὰς
1172 3911 1464 3970 οἶασδήποτε
1488 3912 1643 3971 λέγει,

488 3996 621 4045 ἀλλὰ
637 3996 726 4045 τὰς
745 3995 1003 4043 διακόνους.
1070 3992 1286 4058 Thpht.:
1343 3994 1396 4041 οὐ
1417 3996 1526 4056 περὶ
1551 3990 1647 4042 τῶν

486 4074 740 4135 τυχουσῶν
767 4068 1007 4134 ’γυναικῶν
1045 4073 1200 4135 λέγει,
1233 4074 1364 4121 ἀλλὰ
1403 4076 1513 4135 περὶ
1548 4072 1646 4122 τῶν

488 4150 816 4204 διακονισσῶν.
886 4152 1119 4217 Pelagius
1152 4153 1340 4202 started
1371 4152 1471 4203 this
1493 4156 1643 4204 inter-

487 4236 738 4301 pretation
763 4234 814 4282 in
838 4234 924 4283 the
947 4234 1117 4283 West:
1179 4234 1458 4284 “similiter
1481 4251 1564 4285 eas
1587 4244 1643 4285 ut

485 4316 724 4365 diaconos
737 4315 854 4379 eligi
867 4315 1000 4364 iubet
1015 4331 1028 4374 ;
1050 4316 1496 4381 undeintellegitur
1503 4318 1640 4382 quod

483 4398 549 4447 de
571 4396 650 4445 his
681 4394 816 4445 dicat
838 4412 962 4459 quas
990 4395 1154 4445 adhuc
1176 4396 1327 4445 hodie
1350 4397 1402 4444 in
1427 4396 1635 4448 Oriente

481 4478 788 4530 diaconissas
849 4474 1160 4540 adpellant.”
1259 4476 1507 4540 Compare
1561 4478 1641 4528 his

1752 2372 1810 2422 13
1844 2355 1942 2406 hoc
1964 2373 2042 2406 om
2064 2357 2132 2407 H
2334 2369 2393 2419 15
2428 2359 2706 2407 necessario
2728 2374 2761 2406 r

1750 2538 1937 2573 comm.
1982 2538 2049 2572 on
2092 2522 2243 2572 Rom.
2266 2522 2395 2573 l.c.:
2436 2522 2641 2573 “etiam
2680 2539 2812 2574 nunc
2856 2524 2909 2573 in

1748 2602 2091 2654 Orientalibus
2124 2603 2437 2654 diaconissae
2452 2604 2505 2654 in
2530 2620 2620 2655 suo
2637 2620 2757 2654 sexu
2778 2606 2907 2655 min-

1748 2684 1921 2735 istrare
1941 2683 2177 2734 uidentur
2196 2685 2251 2734 in
2271 2686 2527 2750 baptismo
2548 2686 2655 2736 siue
2668 2686 2719 2736 in
2737 2687 2909 2737 minis·

1744 2764 1872 2814 terio
1915 2766 2109 2815 uerbi.”
2178 2766 2261 2817 On
2302 2767 2389 2816 the
2422 2767 2567 2817 other
2606 2767 2745 2819 hand
2782 2770 2906 2819 Am·

1744 2846 1891 2896 brstr.
1922 2847 2237 2897 condemned
2266 2848 2354 2897 the
2385 2849 2671 2899 ordination
2705 2851 2764 2900 os
2790 2851 2905 2901 dea-

1745 2943 1976 2978 conesses
2014 2944 2069 2978 as
2097 2944 2129 2977 a
2161 2929 2335 2979 device
2369 2928 2428 2978 of
2455 2930 2541 2979 the
2576 2931 2899 2984 Montanists.

1744 3008 1935 3059 Robert
1970 3008 2031 3059 of
2059 3010 2139 3067 B.,
2166 3010 2219 3059 in
2254 3010 2514 3075 repeating
2548 3012 2647 3061 this
2680 3028 2905 3070 censure.

1744 3090 1911 3142 works
1945 3092 1996 3141 in
2028 3108 2061 3141 a
2094 3100 2207 3157 part
2242 3094 2300 3142 of
2326 3092 2471 3143 Th.’s
2505 3110 2686 3144 eornm.
2731 3096 2782 3161 (1.
2828 3112 2901 3159 15,

1744 3170 1923 3237 infra),
1962 3188 2017 3222 as
2049 3172 2095 3222 if
2119 3174 2158 3223 it
2193 3173 2425 3224 reflected
2460 3175 2546 3224 the
2580 3176 2909 3229 Montanistic

1742 3254 1890 3304 view:
1908 3254 2149 3305 “Ambr.:
2175 3256 2437 3306 occasione
2446 3256 2625 3305 horum
2641 3259 2907 3309 uerborum

1746 3334 2095 3399 Cataphrygae
2150 3334 2323 3384 dicunt
2378 3335 2681 3387 diaconissas
2724 3338 2907 3390 debere

1744 3416 1979 3478 ordinari,
2008 3424 2062 3465 ut
2088 3424 2281 3467 ceterae
2310 3418 2543 3467 mulieres
2576 3420 2907 3471 confidentius

1742 3496 2203 3558 confiteanturillis;
2225 3500 2359 3564 quod
2370 3508 2546 3550 contra
2560 3502 2905 3553 auctoritatem

1742 3578 1869 3629 est.'’
1936 3579 2022 3630 On
2045 3581 2129 3631 the
2153 3581 2293 3631 office
2316 3582 2379 3631 cs.
2407 3583 2581 3633 Suicer
2599 3600 2715 3645 s.v.‚
2754 3584 2907 3650 Bing-

1744 3661 1879 3717 ham,
1906 3672 1970 3709 11.
1997 3676 2081 3719 2²3
2116 3663 2218 3712 ancl
2242 3679 2297 3713 as
2324 3672 2377 3713 to
2393 3663 2459 3714 its
2483 3666 2619 3730 early
2640 3667 2902 3733 adoption,

1744 3742 1827 3807 Bp
1852 3744 2129 3809 Lightf00t‚
2153 3746 2292 3794 Phil.
2316 3761 2369 3810 p.
2399 3748 2508 3811 189.

1814 3841 1887 3886 14.
1960 3842 2061 3875 non
2082 3827 2413 3889 accusatrices]
2446 3828 2619 3894 Vulg„
2645 3834 2677 3857 ‘⁶
2694 3846 2793 3881 non
2818 3832 2903 3881 de·

1742 3906 2047 3957 trahentes.”

1814 4007 1888 4053 15.
1979 4007 2029 4040 eo
2057 3992 2200 4056 quod,
2236 3991 2356 4054 διε-1
2392 3992 2441 4041 Α
2486 3994 2763 4045 somewhat
2808 3996 2904 4046 sar-

1742 4072 1941 4123 fetched
1978 4074 2329 4138 explanation;
2368 4075 2521 4125 Thdt.
2563 4092 2705 4127 more
2746 4093 2903 4144 appo-

1740 4154 1889 4219 sitely
1943 4156 2199 4205 remarks:
2267 4157 2488 4217 καθάπερ
2536 4159 2731 4210 ἐκείνοις
2782 4162 2905 4222 [τοῖς

1740 4234 1993 4297 διακόνοις]
2027 4237 2325 4297 προσέταξεν
2357 4238 2426 4295 μὴ
2459 4238 2577 4286 εἶναι
2612 4238 2901 4301 διλόγους,

1739 4315 1887 4367 οὕτως
1920 4319 2000 4367 καὶ
2034 4320 2213 4367 ταύτας
2253 4320 2323 4377 μὴ
2358 4319 2477 4367 εἶναι
2522 4320 2903 4383 διαβόλους-

1736 4399 1979 4464 adapting
2002 4400 2087 4450 the
2116 4402 2255 4450 word
2290 4409 2343 4450 to
2376 4402 2461 4451 the
2495 4418 2599 4451 sex.
2670 4404 2747 4453 Eo
2774 4408 2909 4468 quod

1744 4480 2021 4543 ...rest-rant
2044 4480 2083 4531 is
2108 4481 2239 4531 cited
2262 4483 2328 4546 by
2354 4482 2619 4533 Lanfranc.
