3250 5025
484 343 606 408 166
1141 355 1596 407 'insononus
1646 355 2233 408 morsm-:smnus

2523 340 2631 426 [V.
2672 358 2767 421 14„
2807 351 2921 419 15.·

613 529 865 593 nullam
895 528 1274 594 occasionem
1304 529 1466 592 dare
1488 529 1873 594 aduersario
1904 529 2373 595 maledictionis
2391 528 2641 612 gratia.

614 676 629 703 ⁶
654 692 788 735 non
822 673 999 736 enim
1032 671 1188 736 uolo
1221 673 1365 736 illas
1395 673 1485 737 ob
1530 672 1712 736 illam
1744 694 2014 737 causam
2056 673 2459 737 uiduitatem
2494 671 2897 746 simulanter-2,

479 783 714 854 postea
747 775 811 838 in
844 775 991 838 aliis
1022 777 1320 852 inueniri,
1355 785 1422 839 et
1452 796 1542 839 ex
1573 774 1702 840 hoc
1732 777 1891 840 dare
1932 778 2350 841 occasionem
2384 777 2512 840 illis
2552 778 2665 859 qui
2708 775 2899 840 nobis

479 881 800 961 derogare
835 888 1195 961 properant
1231 879 1320 942 ob
1366 878 1548 942 illam
1590 881 1916 944 rationem
1950 901 2084 963 qua
2124 882 2303 944 uitae
2341 890 2607 945 nostrae
2644 881 2898 945 nullum

417 993 448 1058 5
481 984 780 1047 studium
841 983 1258 1061 adhibemuS,
1308 984 1427 1048 sed
1481 987 1705 1068 specie
1766 995 2032 1049 tantum
2096 988 2415 1049 uirtutem
2478 1005 2601 1048 nos
2654 981 2899 1066 exequi

417 1143 420 1146 .
481 1085 914 1151 simulamus!
1005 1097 1071 1150 et
1113 1095 1183 1150 ut
1217 1108 1300 1150 ne
1333 1087 1645 1151 uideatur
1675 1090 1815 1171 ipse
1847 1090 2227 1170 suspicione
2270 1088 2336 1151 id
2382 1088 2711 1170 colligere,
2744 1109 2899 1153 cau·-

481 1211 628 1254 sam
661 1191 874 1274 ipsam
909 1193 1103 1274 ponit
1136 1200 1204 1255 et
1235 1191 1395 1254 dicit
1422 1211 1437 1254 ε

611 1369 748 1431 iam
777 1367 948 1431 enim
977 1367 1294 1450 quaedam
1323 1388 1659 1431 conuersae
1684 1377 1843 1430 sunt
1872 1377 2023 1448 post
2054 1365 2382 1429 Satanan.

610 1515 705 1578 sic
754 1515 1017 1577 uidetur
1067 1514 1284 1577 modis
1331 1514 1641 1576 omnibus
1702 1511 1847 1576 illas
1903 1533 2075 1595 quae
2128 1533 2261 1577 non
2311 1513 2481 1577 bene
2532 1513 2926 1577 abutuntur-

377 1622 695 1703 10ipsam
758 1620 1152 1683 uiduitatem
1199 1618 1558 1684 excludere
1616 1619 1704 1682 ab
1751 1618 1983 1682 ordine
2028 1619 2399 1697 uiduarum,
2448 1640 2717 1684 omnem
2765 1620 2895 1682 dis-

478 1723 918 1787 simulationis
963 1724 1378 1787 occasionem
1425 1724 1514 1785 ab
1561 1724 1703 1804 ipsa
1750 1722 2053 1785 adimens
2104 1723 2529 1805 professione.
2621 1745 2774 1788 nam
2831 1733 2898 1788 et

481 1825 758 1889 ridiculo
792 1825 1068 1910 dignum
1103 1828 1367 1890 uidetur
1399 1825 1518 1910 [in]
1545 1825 1997 1910 uirginitatem
2031 1828 2339 1910 recipere,
2362 1830 2417 1892 si
2440 1829 2587 1911 quis
2614 1831 2895 1893 eandem

479 1931 772 2013 profiteri
818 1931 996 2008 uelit,
1027 1933 1196 1996 sicut
1243 1942 1345 1996 est
1393 1933 1459 1995 id
1506 1933 1877 2015 perspicere
1922 1954 2013 1996 ex
2058 1933 2342 2015 epistola
2387 1933 2527 1996 eius
2571 1954 2777 2015 quam
2810 1932 2896 1996 ad

482 2036 860 2102 Corinthios
919 2037 1255 2120 scripsisse
1314 2039 1596 2114 uidetur,
1672 2037 1818 2101 illas
1879 2057 2038 2100 uero
2112 2036 2645 2102 adolescentulas
2722 2057 2898 2119 quae

377 2153 447 2220 15
479 2144 636 2208 uiris
664 2151 820 2206 sunt
860 2143 1162 2225 priuatae
1195 2162 1336 2205 non
1383 2143 1723 2224 recepisse,
1760 2139 1865 2224 [si]
1913 2149 2141 2205 tamen
2185 2141 2583 2206 uiduitatem
2626 2151 2702 2205 ut
2741 2161 2897 2205 con-

479 2246 663 2310 uenit
694 2247 961 2310 studere
992 2248 1341 2312 uoluerint.
1433 2267 1556 2310 nec
1588 2256 1812 2310 autem
1858 2245 2009 2310 illae
2039 2267 2211 2329 quae
2255 2246 2703 2330 uirginitatem
2748 2269 2899 2329 pro-

481 2348 753 2412 fitentur
781 2361 936 2432 post
967 2359 1377 2413 senectutem
1418 2350 1587 2413 erint
1631 2350 2084 2432 uirginitatem
2132 2349 2559 2432 professurae.
2652 2353 2896 2417 iustum

480 2463 584 2518 est
612 2452 742 2517 hoc
787 2455 854 2517 in
900 2453 1048 2517 loco
1089 2473 1458 2517 memorare
1501 2452 1765 2517 illorum
1808 2452 1921 2536 qui
1962 2473 2163 2516 omne
2205 2455 2504 2518 studium
2544 2454 2610 2519 in
2654 2477 2734 2521 eo
2777 2479 2899 2541 po·

482 2568 650 2622 nunt
695 2568 770 2623 ut
814 2580 854 2622 a
900 2560 1148 2640 nuptiis
1195 2558 1577 2634 excludant,
1609 2560 1724 2639 qui
1771 2568 1841 2620 et
1886 2558 2151 2621 diuersa
2194 2558 2412 2623 facere
2456 2572 2781 2625 conantur
2824 2572 2899 2626 ut

367 2677 454 2726 20
481 2660 740 2743 aliquos
780 2662 847 2724 in
884 2662 1010 2725 hac
1052 2664 1459 2745 professione
1501 2661 1857 2726 adducant.
1947 2682 1989 2725 a
2030 2662 2269 2744 quibus
2313 2664 2596 2745 negotiis
2632 2674 2899 2729 tanturn

481 2765 747 2829 uidetur
778 2765 1022 2829 Paulus
1054 2766 1319 2843 distare,
1353 2774 1424 2827 ut
1467 2774 1532 2826 et
1571 2764 1660 2827 ab
1704 2766 1849 2845 ipsa
1888 2762 2297 2846 professione
2337 2763 2690 2845 prohibeat
2729 2776 2901 2830 tam-

583 2932 604 2967 1
642 2915 896 2966 maledicti
919 2931 952 2964 r
1157 2935 1189 2978 4
1221 2914 1342 2979 quia
1363 2913 1478 2977 (sor
1497 2916 1618 2977 qua)
1643 2929 1675 2960 r
1891 2913 1921 2961 8
1955 2927 2199 2961 conuersa
2218 2919 2294 2962 est
2321 2912 2366 2961 C
2374 2914 2443 2962 H
2496 2928 2766 2964 conuersae
2787 2924 2903 2965 sunt

479 3007 609 3050 retro
633 2998 908 3049 sathanam
932 3011 965 3044 r
1089 3012 1120 3061 9
1154 3004 1358 3045 utuntur
1379 2996 1488 3060 ipsa
1511 2993 1754 3042 uiduitate
1783 3009 1817 3041 r
1946 3007 2007 3043 1ο
2039 2992 2214 3042 desim.
2243 2992 2591 3042 occansionem
2620 2994 2699 3043 θ’
2842 3012 2899 3046 12

481 3083 581 3133 risu
602 3082 715 3147 (for
734 3080 964 3141 ridiculo)
987 3096 1018 3127 r
1043 3077 1050 3143 Ι
1082 3079 1133 3127 in
1155 3095 1232 3128 om
1262 3078 1306 3128 C
1326 3079 1391 3127 H
1405 3094 1436 3125 r
1463 3082 1471 3140 Ι
1499 3091 1598 3140 qua
1622 3073 1741 3138 (sor
1760 3072 1891 3139 quis)
1917 3075 1985 3124 H
2150 3090 2207 3137 ¹3
2242 3076 2473 3139 exempla
2498 3073 2613 3139 (for
2632 3091 2694 3125 ex
2716 3075 2819 3141 ep.)
2844 3078 2913 3127 H

485 3181 542 3227 ¹5
578 3173 748 3214 tamen
773 3162 866 3225 (om
889 3162 950 3226 si)
980 3163 1022 3212 C
1041 3162 1108 3211 H
1155 3169 1326 3212 tamen
1348 3160 1391 3210 si
1416 3176 1447 3209 r
1711 3158 1769 3209 18
1803 3158 1942 3207 omni
1964 3158 2131 3209 studio
2152 3158 2221 3208 H
2473 3174 2529 3208 21
2573 3158 2713 3208 Pauli
2737 3176 2906 3209 sermo

482 3246 595 3311 (jor
615 3245 819 3304 Paulus)
832 3247 876 3291 'r

1739 3368 2011 3435 virginity.'
2079 3370 2161 3419 On
2192 3370 2329 3418 erint
2339 3376 2538 3418 =erunt
2574 3384 2657 3419 see
2692 3368 2898 3434 Bensly,

1738 3455 1818 3503 M.
1842 3454 1903 3502 F.
1922 3470 2008 3519 pp.
2036 3464 2111 3513 72,
2138 3454 2231 3512 783
2268 3451 2491 3510 Ronsch,
2514 3450 2692 3512 Bala',
2715 3468 2765 3517 p.
2788 3466 2899 3516 521.

1811 3549 1888 3600 17.
1957 3536 2143 3585 iustum
2162 3543 2246 3597 est,
2275 3537 2391 3598 δια]
2460 3537 2557 3587 See
2578 3536 2738 3585 above
2762 3551 2827 3585 on
2850 3550 2895 3585 c.

479 3394 594 3429 case
617 3378 676 3428 of
691 3378 846 3427 Anna
871 3378 947 3439 (S.
977 3375 1120 3426 Luke
1143 3375 1194 3425 ii.
1223 3372 1300 3439 36,
1331 3376 1434 3438 37).

549 3478 595 3525 3.
662 3458 1114 3525 illis-...properatin
1149 3458 1413 3507 Lanfranc.

545 3546 593 3593 8.
659 3558 918 3592 conuersae
932 3542 1074 3603 sunt]
1121 3540 1294 3605 Vulg„
1323 3542 1352 3566 ‘⁸
1367 3553 1641 3587 conuersae

479 3635 594 3679 sunt
607 3624 791 3678 retro.”
845 3628 958 3677 The
981 3626 1188 3689 reading
1203 3624 1263 3674 of
1269 3624 1354 3675 the
1369 3623 1524 3673 MSS.
1545 3622 1637 3696 ¹¹3⁵

477 3722 667 3773 sprung
679 3706 806 3755 from
820 3705 905 3755 the
919 3704 1301 3770 plural‚written
1315 3710 1635 3751 conuersaest.

550 3802 626 3838 12.
702 3785 914 3834 radicula
970 3782 1370 3848 dignum1=risu
1426 3781 1635 3846 dignum

480 3867 565 3926 (cf.
589 3866 769 3925 vv.11.,
799 3865 901 3914 and
922 3872 1092 3928 supra,
1122 3879 1174 3928 p.
1208 3876 1314 3926 107,
1344 3862 1379 3911 1.
1408 3876 1450 3926 7,
1477 3860 1633 3925 note).

548 3946 625 4000 16.
669 3964 756 3997 nec
776 3955 940 3996 autem
964 3947 1090 4006 illae,
1120 3947 1236 4008 δια]
1272 3952 1284 3972 ·
1303 3947 1374 3993 At
1399 3945 1506 3993 that
1531 3954 1637 3993 rate

479 4046 547 4081 no
580 4045 778 4080 woman
809 4030 990 4079 should
1026 4030 1090 4079 be
1120 4028 1334 4077 allowed
1361 4036 1415 4077 to
1447 4026 1639 4092 profess

479 4112 716 4177 virginity
737 4111 862 4163 after
891 4112 982 4162 she
1015 4112 1106 4161 has
1138 4110 1353 4160 reached
1382 4126 1414 4159 a
1448 4111 1638 4160 certain

479 4208 589 4258 age.
675 4193 730 4242 If
759 4193 842 4243 the
875 4208 1098 4257 younger
1133 4192 1337 4242 widows
1371 4208 1455 4241 are
1488 4200 1540 4241 to
1573 4191 1639 4241 be

481 4275 723 4325 excluded
760 4274 888 4325 from
917 4275 1003 4324 the
1037 4273 1182 4324 order
1215 4274 1275 4323 of
1301 4273 1637 4332 widowhood,

483 4359 568 4408 the
613 4356 755 4408 older
799 4356 1082 4407 unmarried
1119 4371 1320 4407 women
1355 4355 1529 4421 ought,
1575 4355 1643 4420 hy

1708 3672 1711 3675 ,
1742 3619 1809 3669 iv.
1834 3635 1975 3681 1—3.
2042 3620 2185 3670 Th.'s
2208 3620 2445 3686 repeated
2469 3627 2685 3685 pmtoets
2707 3620 2900 3682 against

1736 3718 1768 3752 a
1786 3702 2106 3752 Manichaean
2128 3700 2255 3751 view
2279 3701 2338 3751 of
2355 3701 2599 3765 marriage
2622 3700 2815 3751 remind
2842 3716 2901 3749 us

1737 3782 1796 3833 of
1810 3800 1841 3832 a
1855 3798 1983 3848 page
2000 3782 2052 3832 in
2066 3783 2145 3832 his
2162 3800 2277 3833 own
2294 3782 2430 3846 early
2445 3782 2650 3847 history.
2680 3782 2899 3845 Though

1738 3865 1791 3915 in
1828 3866 1908 3915 his
1938 3881 2052 3914 own
2092 3881 2204 3915 case
2242 3866 2307 3915 he
2342 3865 2445 3914 had
2478 3864 2737 3916 abstained
2772 3864 2899 3913 from

1738 3946 2042 4010 matrimony
2065 3948 2115 3995 in
2138 3947 2411 3996 obedience
2434 3954 2488 3996 to
2511 3946 2597 3996 the
2620 3947 2715 3995 call
2738 3946 2796 3996 of
2822 3946 2899 3995 his

1739 4028 1917 4087 friend,
1944 4028 1985 4077 it
2013 4027 2056 4077 is
2090 4035 2179 4077 not
2200 4026 2428 4091 unlikely
2449 4026 2557 4076 that
2591 4027 2670 4077 his
2699 4043 2895 4093 sympa-

1740 4110 1869 4160 thies
1914 4108 2183 4163 continued
2221 4117 2275 4158 to
2310 4108 2372 4158 be
2418 4107 2471 4157 in
2516 4107 2691 4158 favour
2728 4108 2788 4158 os
2813 4109 2901 4159 the

1739 4190 1955 4240 married
2009 4200 2137 4240 state
2191 4205 2247 4239 as
2305 4189 2502 4255 against
2544 4204 2611 4238 an
2666 4188 2899 4241 enforced

1743 4274 1981 4338 celibacy.

1814 4357 1888 4405 18.
1982 4370 2257 4404 memorare
2307 4352 2535 4417 illorum]
2563 4373 2607 4396 τε
2630 4352 2899 4413 μνησθῆναι

484 4440 712 4506 analogy,
763 4448 820 4489 to
859 4438 924 4489 be
962 4438 1144 4489 denied
1189 4438 1274 4488 the
1320 4438 1557 4502 privilege
1591 4437 1651 4487 of
1744 4434 1853 4496 τῶν,
1879 4438 2031 4485 κ.τ.λ.
