3250 5025
293 387 422 451 III.
454 385 540 469 7.]
891 371 901 378 ’
998 398 1080 448 IN
1131 398 1234 449 ΕΡ.
1278 398 1379 447 AD
1428 397 1889 449 TIMOTHEUM
1941 399 1985 448 1.

2593 399 2707 466 1¹5

285 573 466 637 uitae
510 593 670 637 suae
715 581 783 636 et
837 570 1364 635 conuersationis
1426 572 1834 635 documenta
1883 571 2435 647 demonstrarent,
2490 571 2585 634 ita
2637 581 2711 634 ut

286 677 672 760 opinionem
705 695 896 739 suam
930 675 997 739 in
1030 675 1266 739 melius
1304 674 1687 738 inlustrasse
1728 675 1909 757 apud
1954 673 2101 737 illos
2131 675 2242 757 qui
2279 683 2473 738 extra
2504 674 2713 739 eccle-

286 782 454 845 siam
494 789 651 846 sunt
692 781 1066 845 uideantur.
1158 779 1412 864 quare?
1459 800 1540 843 eo
1586 779 1770 862 quod
1811 777 1965 842 licet
2007 779 2130 842 tibi
2183 777 2367 841 fideli
2414 788 2715 843 contem-

285 884 584 968 platione
631 884 787 948 fidei
826 885 934 948 uel
981 885 1408 967 baptismatis
1446 884 1755 947 uideatur
1790 904 1936 947 esse
1970 883 2227 966 dignuS,
2263 893 2490 946 tamen
2524 904 2712 966 prae-

284 988 530 1051 cedens
582 989 724 1052 uita
775 990 1012 1053 adimit
1061 991 1122 1053 ei
1171 988 1488 1053 fiduciam
1539 989 1721 1071 apud
1776 1010 1890 1053 eos
1945 990 2058 1072 qui
2114 996 2309 1052 extra
2362 989 2710 1054 ecclesiam
2787 1009 2818 1077 5

287 1100 460 1167 sunt,
525 1091 620 1156 ita
673 1101 746 1156 ut
802 1113 936 1156 non
999 1093 1204 1157 modo
1263 1093 1493 1157 iuuare
1538 1094 1752 1175 possit
1794 1103 2082 1168 exterOS,
2140 1094 2259 1157 sed
2322 1095 2711 1177 exprobrari

288 1192 378 1256 ob
401 1193 580 1256 uitae
609 1215 769 1259 suae
800 1196 1318 1277 turpitudinem?
1366 1217 1523 1259 nam
1557 1195 1738 1278 quod
1770 1195 1977 1260 dixit:
2008 1204 2082 1259 ut
2110 1217 2188 1259 ne
2219 1197 2288 1260 in
2312 1198 2715 1278 obprobrium

287 1296 550 1374 incidat,
581 1300 785 1364 adicit
831 1308 899 1364 et
944 1302 1211 1365 tertiam
1261 1322 1531 1365 causam
1575 1299 1844 1367 dicens:
1888 1313 1951 1366 et
1994 1303 2065 1367 in
2111 1305 2409 1392 laqueum
2454 1305 2713 1371 diaboli.

288 1400 452 1466 haec
483 1423 682 1467 causa
713 1423 873 1486 prae
914 1405 1147 1468 ceteris
1178 1403 1310 1468 alia
1355 1413 1472 1482 est,
1516 1404 1700 1468 nulla
1739 1426 1829 1469 ex
1870 1415 2057 1488 parte
2097 1407 2416 1470 infirmior
2453 1407 2714 1473 illorum

287 1524 460 1587 quae
492 1515 648 1568 ante
678 1507 858 1570 dicta
887 1515 1056 1584 sunt,
1084 1527 1164 1570 eo
1195 1507 1375 1590 quod
1409 1495 1542 1571 non
1574 1517 1677 1571 est
1700 1516 1969 1572 cautum
2002 1509 2118 1572 tali
2150 1510 2402 1574 homini
2436 1510 2713 1577 aliorum
2750 1527 2831 1576 10

287 1609 703 1672 committere
753 1608 1166 1693 diligentiam
1209 1619 1278 1674 et
1326 1619 1584 1675 tantam
1633 1613 1692 1674 ei
1738 1621 2013 1695 repente
2060 1615 2377 1696 praebere
2421 1625 2717 1698 potesta·

289 1720 443 1777 tem.
534 1714 785 1797 quare?
845 1717 1002 1798 quia
1042 1715 1261 1780 adhuc
1301 1717 1481 1780 uitae
1525 1725 1593 1780 et
1633 1738 1891 1782 morum
1934 1740 2203 1783 suorum
2246 1721 2533 1786 necdum
2567 1744 2719 1788 cau-

290 1823 434 1880 tum
487 1819 793 1900 praebuit
844 1821 1340 1899 documentum,
1388 1829 1456 1885 et
1502 1823 1827 1886 incertum
1874 1832 1977 1887 est
2021 1833 2241 1888 utrum
2288 1824 2452 1888 nihil
2500 1825 2716 1891 simile

287 1921 606 2001 pristinae
646 1921 945 2004 perficiat
987 1924 1181 2000 uitae,
1213 1924 1486 1989 diabolo
1533 1925 1777 1990 multas
1814 1925 2132 1990 aduersus
2173 1947 2326 1990 eum
2371 1928 2716 1996 machinas

291 2025 670 2090 inueniente
701 2037 776 2091 ut
807 2029 1045 2092 iterum
1079 2049 1231 2092 eum
1264 2029 1329 2091 in
1362 2030 1654 2112 antiquis
1678 2031 2072 2112 praecipitet
2093 2029 2391 2110 delictis;
2425 2052 2505 2095 eo
2531 2034 2713 2115 quod
2752 2043 2821 2111 15

296 2149 508 2210 nuper
545 2130 766 2194 adhuc
807 2151 848 2194 a
879 2131 1315 2195 deterioribus
1357 2133 1703 2196 recessisse
1743 2132 2021 2209 uidetur,
2056 2141 2124 2196 et
2156 2152 2290 2195 non
2320 2143 2548 2215 potest
2588 2135 2713 2200 sub

287 2230 560 2297 alterius
590 2253 748 2298 cura
780 2254 913 2298 non
943 2236 1284 2318 pertinens
1315 2236 1382 2299 in
1404 2235 1641 2300 melius
1666 2236 1919 2317 corrigi,
1954 2255 2034 2298 eo
2066 2235 2245 2318 quod
2278 2238 2419 2320 ipse
2452 2239 2717 2304 uidetur

289 2335 568 2400 aliorum
601 2339 826 2420 potius
855 2339 1374 2403 sollicitudinem
1406 2341 1653 2404 habere
1683 2342 2126 2405 commissam.
2206 2341 2301 2405 sic
2334 2363 2452 2426 per
2487 2345 2717 2410 omnia

285 2440 582 2502 ostendit
614 2438 800 2504 illum
833 2443 946 2525 qui
979 2442 1044 2505 in
1077 2443 1534 2527 episcopatum
1584 2443 1971 2527 producitur
2010 2444 2425 2527 probabilem
2472 2447 2716 2512 debere

289 2564 436 2607 esse
481 2555 550 2608 et
593 2546 952 2610 uirtutibus
997 2546 1128 2610 illis
1172 2569 1346 2630 quae
1390 2548 1759 2612 secundum
1806 2550 2127 2631 pietatem
2165 2558 2321 2615 sunt
2362 2561 2673 2617 ornatum
2700 2576 2718 2633 ;
2745 2570 2829 2617 20

291 2667 412 2713 nec
458 2650 635 2712 enim
683 2651 771 2713 ob
815 2650 1028 2714 solam
1066 2650 1270 2715 fidem
1318 2661 1434 2716 aut
1476 2652 1793 2735 baptismi
1840 2654 2125 2735 gratiam
2158 2654 2437 2737 dignum
2468 2656 2715 2721 habere

290 2774 443 2817 eum
494 2755 861 2819 existimari
912 2756 1100 2820 istius
1149 2778 1294 2820 esse
1348 2759 1494 2837 loci,
1546 2759 1671 2822 nisi
1722 2767 1789 2821 et
1838 2760 2019 2822 uitae
2072 2767 2141 2822 et
2187 2761 2714 2829 conuersationis

289 2880 452 2923 suae
489 2858 693 2923 fultus
739 2859 935 2924 suerit
980 2862 1380 2925 testimonio
1472 2869 1608 2926 tres
1662 2883 1896 2926 causas
1946 2863 2351 2927 necessarias
2400 2865 2716 2945 exposuit

290 2963 468 3047 quod
501 2966 594 3029 ita
625 2967 982 3030 conueniat
1013 2965 1446 3030 fieri—unam
1480 2966 1752 3049 quidem
1796 2986 1876 3030 eo
1908 2965 2088 3049 quod
2124 2965 2318 3030 facile
2350 2967 2718 3032 extollatur

291 3073 379 3135 ab
409 3070 522 3136 illa
553 3080 887 3155 potestate
919 3093 1052 3155 qua
1082 3074 1320 3136 docere
1350 3080 1607 3135 ceteros
1639 3071 1991 3148 statuitur3
2034 3069 2312 3134 alteram
2344 3060 2503 3134 uero
2534 3072 2712 3155 quod
2746 3092 2782 3137 2
2790 3087 2821 3155 5

292 3184 600 3259 oporteat
629 3196 783 3239 eum
817 3174 1068 3240 bonum
1101 3175 1558 3239 testimonium
1597 3171 1845 3237 habere
1890 3172 1978 3237 ab
2009 3172 2136 3235 illis
2173 3172 2287 3255 qui
2330 3172 2485 3237 soris
2517 3183 2671 3237 sunt
2698 3196 2713 3251 ;

389 3328 416 3373 4
455 3310 554 3363 fide
583 3311 628 3360 C
641 3312 708 3361 H
721 3328 754 3360 r
793 3310 802 3376 Ι
831 3312 1129 3376 baptismate
1153 3329 1184 3361 r

289 3400 364 3442 est
397 3393 488 3442 tali
511 3410 544 3442 r
701 3406 760 3456 15
783 3402 834 3444 et
857 3394 956 3459 (ast
976 3396 1050 3455 ut)
1067 3394 1172 3443 add
1189 3412 1222 3444 r

1383 3326 1443 3361 ιο
1475 3326 1505 3360 a
1527 3326 1608 3359 me
1635 3309 1751 3373 (for
1771 3310 1907 3370 ante)
1932 3310 1998 3359 H
2016 3306 2024 3374 Ι
2054 3324 2116 3359 eo
2134 3309 2269 3373 quod
2292 3315 2367 3359 eet
2389 3316 2589 3359 cautum
2613 3326 2714 3359 non

1381 3405 1435 3456 17
1470 3392 1662 3457 corrige
1682 3393 1725 3441 C
1736 3390 1764 3417 *
1790 3392 2035 3455 corrigere
2056 3391 2126 3440 H
2267 3407 2328 3442 ἠ
2364 3392 2645 3441 existimare
2659 3392 2727 3442 H

356 3536 401 3585 3.
473 3524 868 3589 contemplatione
880 3524 1033 3589 fidei]
1075 3526 1200 3574 Fide
1229 3526 1332 3585 (see
1367 3540 1447 3573 vv.
1550 3538 1718 3579 causa,
1765 3522 1817 3572 id
1858 3529 1945 3581 est,
1986 3538 2049 3571 ne
2084 3520 2137 3570 in
2177 3520 2385 3586 antiqua
2421 3520 2715 3587 praecipitet

287 3605 368 3667 ll.)
393 3621 511 3670 may
530 3606 754 3671 possibly
775 3607 840 3656 be
870 3606 956 3657 the
986 3608 1182 3657 archaic
1210 3607 1448 3673 genitive.

289 3684 464 3736 Rab.’s
501 3686 778 3737 correction
827 3688 986 3737 shews
1035 3688 1142 3737 that
1188 3688 1251 3737 he
1299 3687 1450 3737 failed

284 3777 342 3818 to
386 3768 644 3833 recognize
689 3769 773 3819 the
826 3768 1007 3834 phrase
1051 3770 1452 3834 contemplatione

291 3850 514 3899 aleku'ius
537 3850 624 3899 rei.

351 3930 401 3983 6.
493 3948 596 3981 non
659 3932 795 3982 modo
847 3931 1031 3983 iuuare
1078 3932 1255 3997 passis]
1277 3952 1322 3974 =
1347 3947 1450 3982 non

285 4012 444 4063 modo
465 4028 586 4070 non,
610 4012 700 4062 διε.
725 4012 971 4077 (Madvig,
999 4014 1027 4073 5
1049 4010 1163 4075 461,
1187 4012 1250 4072 b).

357 4108 405 4159 7.
473 4100 533 4145 ut
554 4095 634 4156 ne]
683 4094 758 4145 Cf.
786 4103 958 4159 supra,
984 4112 1034 4161 p.
1066 4095 1232 4159 1141.
1257 4092 1316 4154 63
1350 4094 1451 4143 and

285 4192 339 4243 p.
371 4191 478 4236 111,
507 4176 542 4226 1.
575 4191 650 4237 η,
691 4185 826 4227 note.
898 4178 974 4226 Et
1001 4178 1064 4226 in
1094 4177 1329 4241 laqueum
1364 4178 1445 4238 (cf.

286 4276 338 4326 p.
368 4275 389 4309 1
403 4274 478 4322 14,
494 4260 528 4309 1.
548 4258 596 4325 6)
616 4259 658 4311 is
681 4261 766 4311 the
789 4260 995 4326 reading
1017 4260 1076 4311 of
1091 4261 1175 4312 the
1201 4262 1452 4312 Clement-

287 4343 372 4393 ine
396 4344 628 4409 Vulgate.

355 4439 406 4491 9.
471 4426 588 4477 baec
607 4427 1047 4491 eausa...ur'detur]
1095 4428 1221 4479 This
1245 4444 1453 4493 passage

287 4506 330 4557 is
364 4506 479 4558 thus
521 4511 850 4562 summarized
883 4512 951 4576 by
991 4510 1267 4562 Lansranc:
1314 4510 1454 4561 “alia

1550 3606 1753 3661 delicta,
1800 3620 1861 3654 eo
1898 3604 2035 3669 quod
2074 3619 2235 3669 nuper
2278 3604 2343 3653 ab
2386 3604 2717 3655 exterioribus

1551 3685 1656 3752 (sic)
1693 3686 1948 3736 recessisse
1981 3684 2234 3735 uidetur.”
2300 3686 2444 3735 With
2467 3683 2611 3736 Th.’s
2640 3686 2715 3735 in-

1551 3771 1875 3836 terpretation
1899 3770 1959 3819 of
1972 3771 2052 3818 tua
2071 3767 2396 3831 μὴ...ἑμπ·έσῃ
2406 3769 2511 3831 [εἰς]
2526 3770 2716 3833 παγίδα

1550 3857 1638 3903 τοῦ
1670 3853 1900 3917 διαβόλου
1931 3852 1993 3903 cs.
2032 3852 2111 3902 his
2136 3868 2319 3902 comm.
2352 3868 2420 3902 on
2450 3865 2477 3899 α
2503 3852 2637 3902 Tim.
2662 3852 2713 3902 ii.

1553 3936 1649 3997 263
1684 3937 1785 3987 and
1807 3937 1963 3987 Thdt.
1986 3936 2059 3986 ad
2076 3936 2127 3985 h.
2158 3936 2226 3985 l.:
2260 3936 2326 3985 εἰς
2356 3935 2447 3994 τὴν
2478 3934 2717 3997 προτέραν

1551 4019 1628 4068 ὅτι
1649 4016 1862 4080 τάχιστα
1885 4018 2262 4080 παλινδρομήσει
2285 4016 2605 4080 παρανομίαν,
2630 4017 2716 4066 τοῦ

1553 4098 1785 4164 διαβόλου
1807 4098 1965 4149 πάντα
1988 4100 2102 4163 πρὸς
2123 4101 2267 4149 τοῦτο
2286 4098 2649 4161 μηχανωμένου.

1617 4182 1876 4247 infirmior
1906 4183 2133 4246 illorum]
2200 4182 2279 4233 Cs.
2323 4194 2359 4232 1.
2393 4198 2445 4248 p.
2480 4198 2561 4245 υ,
2595 4182 2630 4234 1.
2660 4198 2707 4245 2,

1553 4273 1689 4317 note.

1624 4364 1700 4398 η.
1766 4344 2453 4411 adhuc...necdum]=adhuc
2494 4362 2611 4408 non,
2656 4364 2714 4397 or

1553 4431 1739 4495 simply
1782 4430 1988 4480 necdum
1998 4444 2023 4490 ,·
2078 4437 2239 4495 nuper
2288 4431 2451 4480 adhuc
2496 4431 2552 4491 (l.
2614 4430 2711 4491 16),

1557 4516 1649 4562 “at
1674 4528 1703 4561 a
1726 4512 1826 4561 still
1852 4520 2018 4563 recent
2041 4510 2267 4576 period.'’

2372 4612 2537 4671 8-2
