3250 5025
537 357 621 425 54
1202 363 1658 417 THEononus
1706 364 2291 419 MOPSUESTENUS
2742 353 2869 441 [11.
2902 370 2961 439 7.

533 532 697 598 dicit
736 542 963 598 autem
1003 534 1179 617 quod
1209 556 1381 599 nunc
1415 536 1659 602 detinet
1697 559 1779 603 eo
1820 539 2002 623 quod
2044 540 2353 605 diabolus
2390 541 2664 626 quidem
2700 543 2958 607 dudum

534 636 817 701 uolue‘rit
848 637 975 702 hoc
1005 639 1184 703 idem
1217 640 1450 717 facere,
1483 642 1670 705 Deus
1704 662 1863 705 uero
1893 644 2160 707 interim
2193 645 2439 709 retinet
2470 665 2643 723 eum,
2670 667 2751 709 eo
2775 645 2957 729 quod

533 748 802 823 tempus
847 743 1081 807 statuit
1129 746 1725 809 consummationis
1770 746 2016 810 saeculi
2072 749 2277 828 istius»,
2329 749 2699 814 secundum
2752 772 2953 837 quam

533 843 744 907 uideri
775 846 1081 910 concedit
1111 866 1282 914 eum.
1357 847 1488 911 hoc
1523 848 1875 933 apostolus
1904 851 2281 917 nominauit
2310 853 2487 935 quod
2508 874 2682 918 nunc
2703 854 2955 934 detinet,

472 957 503 1024 5
537 946 666 1011 Dei
727 948 954 1013 dicens
1013 949 1470 1015 definitionem
1532 951 1832 1018 detinere
1891 975 2061 1021 eum.
2151 958 2330 1022 unde
2390 967 2459 1023 et
2510 960 2761 1026 adicit:
2828 958 2953 1045 [ut]

534 1050 852 1114 reueletur
879 1051 1056 1115 idem
1089 1052 1161 1116 in
1187 1072 1307 1116 suo
1337 1052 1672 1135 temptum*
1704 1056 1892 1139 quasi
1926 1058 2040 1140 qui
2072 1058 2509 1141 prohibeatur
2539 1081 2715 1123 nunc
2746 1061 2958 1126 uideri

533 1174 742 1237 usque
800 1166 974 1235 tunc,
1029 1178 1110 1223 eo
1169 1159 1351 1243 quod
1403 1160 1636 1224 diuina
1687 1160 2078 1227 definitione
2126 1164 2213 1227 ad
2268 1185 2582 1248 praesens
2633 1173 2957 1233 teneatur.

531 1259 866 1324 uidebitur
923 1258 1090 1326 uero'
1138 1271 1298 1327 tunc
1358 1264 1425 1327 in
1486 1263 1732 1327 saeculi
1795 1264 1944 1343 fine,
2007 1268 2279 1350 quando
2341 1275 2409 1331 et
2477 1269 2801 1333 concedet
2858 1269 2956 1333 illi

533 1361 866 1427 Dominus
897 1383 1086 1429 suam
1117 1366 1473 1431 ostendere
1502 1367 1873 1449 malitiam3
1920 1378 2197 1453 propter
2225 1369 2407 1454 quod
2440 1371 2613 1434 bene
2644 1372 2849 1437 adicit
2876 1396 2893 1437 ε

431 1552 512 1600 ιο
665 1533 1042 1613 mysterium
1069 1536 1242 1600 enim
1276 1536 1412 1602 iam
1446 1538 1821 1624 inoperatur
1848 1540 2241 1625 iniquitatis.

661 1665 841 1752 †hoc
872 1681 1013 1738 est:
1061 1680 1078 1707 ‘
1100 1676 1225 1740 etsi
1256 1695 1392 1741 non
1423 1684 1655 1760 aperte
1685 1679 2092 1762 apostasiam
2135 1688 2448 1764 operatur
2477 1679 2801 1755 diabolus,
2834 1681 2953 1745 sed

532 1778 721 1862 quasi
754 1778 821 1842 in
853 1779 1173 1861 mysterio
1203 1801 1392 1844 nunc·
1423 1783 1701 1865 peragit,
1744 1802 1865 1865 per
1899 1783 2167 1867 singula
2203 1792 2549 1847 momenta
2577 1804 2697 1865 per
2724 1804 2882 1848 suos
2912 1806 2957 1849 a

531 1886 782 1968 pietate
812 1894 1152 1967 temptans
1182 1885 1498 1951 diuellere
1529 1908 1645 1952 eos
1675 1886 1789 1971 qui
1830 1886 1916 1951 ad
1959 1886 2162 1951 fidem
2206 1885 2620 1951 accedunt*
2674 1898 2781 1953 ·et
2823 1889 2953 1953 hoc

531 1990 752 2072 ipsum
784 1990 1024 2053 iterum
1057 2009 1397 2053 resumens
1429 2010 1445 2054 :

427 2240 497 2308 15
531 2226 604 2292 τὸ
665 2229 940 2313 κατέχοις,
1003 2221 1090 2296 ὥς
1147 2222 1228 2289 ἂν
1285 2226 1405 2290 τοῦ
1462 2221 1784 2303 διαβόλου
1836 2222 1959 2309 μὲν
2017 2222 2356 2297 ἐθέλοντος
2414 2222 2529 2289 καὶ
2580 2220 2705 2305 ἤδη
2758 2226 2953 2290 τοῦτο

528 2330 826 2409 ποιῆσαι,
860 2329 977 2393 τοῦ
1017 2327 1168 2392 θεοῦ
1198 2324 1268 2391 δὲ
1301 2324 1699 2415 κατέχοντος
1739 2324 1937 2392 αὐτὸν
1980 2324 2141 2397 τέως
2184 2324 2295 2392 διὰ
2336 2324 2413 2391 τὸ
2456 2324 2686 2412 καιρὸν
2730 2321 2954 2410 ὁρίσαι

529 2432 612 2516 τῇ
673 2428 1020 2519 συντελείᾳ
1075 2434 1194 2495 τοῦ
1253 2428 1498 2507 αἰῶνος,
1560 2424 1707 2494 καθ’
1768 2426 1847 2495 ὃν
1906 2427 2191 2516 ὀφθῆναι
2252 2431 2587 2516 συγχωρεῖ
2637 2425 2951 2495 κάκεῖνον.

529 2539 723 2602 τοῦτο
758 2536 882 2620 [τό]
911 2538 1167 2622 κατέχοις
1203 2531 1237 2599 ὁ
1267 2533 1645 2606 ἀπόστολος
1675 2531 1988 2618 ὀνομάζει,
2014 2537 2133 2601 τοῦ
2162 2533 2310 2600 θεοῦ
2346 2533 2611 2620 [λέγων]
2643 2533 2757 2599 τὸν
2778 2529 2951 2621 ὅρον,

530 2635 680 2702 ὅθεν
712 2636 821 2703 καὶ
861 2634 1204 2720 ἐπήνγινγεν·
1250 2635 1333 2701 εἷο
1371 2637 1446 2700 τὸ
1486 2637 1999 2715 &mammonam
2041 2637 2227 2714 ar'rdn
2274 2641 2367 2724 τῷ
2408 2639 2628 2715 enno?
2665 2641 2867 2725 κωρῴ.

418 2757 504 2807 20
662 2738 810 2805 ἀντὶ
854 2742 988 2805 τοῦ·
1051 2743 1067 2774 ‘
1089 2737 1146 2805 εἰ
1188 2736 1301 2802 καὶ
1345 2737 1437 2820 μὴ
1502 2736 1672 2803 κατὰ
1735 2737 1812 2804 τὸ
1880 2737 2093 2822 σαφὲς
2152 2737 2277 2820 ἤδη
2348 2737 2467 2821 τὴν
2528 2739 2953 2806 ἀποστασίαν

530 2839 870 2928 ἐργάζεται
917 2837 952 2904 ὁ
1001 2838 1332 2922 διάβολος,
1373 2837 1532 2905 ἀλλ’
1576 2837 1691 2907 οὖν
1733 2867 1812 2924 oye
1851 2839 1938 2911 οἷς
1985 2842 2053 2908 ἐν
2102 2841 2445 2928 μυστηρίῳ
2492 2847 2790 2909 πλεῖστα
2841 2841 2952 2908 καὶ

530 2948 644 3012 νῦν
674 2943 1174 3031 διαπράττεται,
1210 2942 1528 3011 ἑκάστοτε
1557 2943 1667 3009 διὰ
1696 2947 1825 3011 τῶν
1854 2944 2104 3013 οἰκείων
2133 2949 2251 3026 τῆς
2280 2945 2619 3027 εὐσεβείας
2656 2945 2951 3038 ἀφιστᾷν

528 3044 912 3135 πειρώμενος
945 3043 1092 3118 τοὺς
1118 3042 1515 3136 προσιόντας
1544 3045 1626 3132 τῇ
1657 3046 1926 3114 vlo-'red

631 3251 652 3286 ι
689 3235 880 3285 dudum
913 3234 1118 3300 quidem
1149 3252 1183 3285 r
1428 3251 1457 3285 α
1492 3250 1609 3286 enm
1640 3252 1721 3287 om
1742 3252 1775 3286 r
2019 3255 2052 3299 4
2084 3237 2328 3288 concedet
2352 3238 2398 3287 C
2418 3236 2566 3301 (corr)
2836 3252 2864 3303 5
2899 3244 2951 3290 et

527 3335 605 3370 om
627 3335 660 3369 r
684 3315 693 3384 Ι
723 3325 780 3368 ut
798 3333 876 3367 om
905 3318 1030 3367 CH
1150 3316 1183 3368 6
1216 3317 1268 3366 id
1292 3321 1366 3366 est
1391 3317 1508 3382 (fhr
1527 3316 1685 3381 idem)
1714 3316 1785 3368 C*
1815 3315 1827 3382 1
1852 3317 1905 3368 in
1926 3334 2004 3368 om
2028 3333 2061 3367 r
2202 3320 2233 3369 8
2266 3320 2495 3369 concedit
2522 3318 2593 3369 C*
2612 3334 2645 3368 r
2778 3323 2836 3370 18
2869 3318 2945 3382 τό,

528 3405 690 3467 λέγων
714 3418 812 3452 om.
841 3402 953 3452 cod.
979 3401 1098 3452 edd.
1246 3417 1310 3452 ἰο
1344 3401 1499 3452 Coisl.
1528 3401 1563 3452 l.
1592 3418 1632 3453 c.
1661 3400 1719 3451 τὸ
1740 3403 1841 3466 γὰρ
1860 3401 2124 3465 μυστήριον
2147 3399 2242 3463 ἤδη
2264 3403 2529 3465 ἐνεργεῖται
2552 3404 2664 3453 ἀντὶ
2684 3400 2774 3453 τοΰ
2794 3405 2945 3454 κ.τ.λ.

595 3585 640 3620 2.
713 3571 852 3620 Deus
879 3584 993 3619 uero
1013 3567 1231 3629 interim,
1256 3567 1372 3629 δια]
1437 3567 1687 3617 Lanfmnc

529 3653 652 3703 cites
675 3653 774 3702 this
797 3653 850 3700 in
873 3651 958 3701 the
979 3649 1130 3699 form:
1168 3653 1203 3676 “
1219 3649 1360 3699 Deus
1382 3646 1581 3698 interim
1600 3649 1687 3698 de·

529 3735 654 3784 tinet
675 3730 842 3782 eum.‘’

598 3831 672 3865 11.
745 3829 848 3864 non
885 3809 1359 3877 aperte...diuellere]
1390 3809 1539 3860 Cited
1569 3810 1622 3859 in
1656 3826 1689 3859 a

527 3895 797 3947 shortened
829 3895 958 3944 form
984 3895 1053 3958 by
1077 3891 1340 3943 Lansranc.

591 3979 676 4028 sed
711 3977 862 4043 quasi
897 3975 954 4024 in
1000 3972 1247 4036 mysterio]
1297 3971 1338 4022 1.
1355 3987 1396 4022 e.
1450 3972 1536 4022 the
1567 3987 1689 4031 μυσ-

526 4061 689 4124 τήριον
721 4061 810 4120 τῆς
853 4059 1049 4115 ἀνομίας
1087 4057 1131 4106 is
1167 4055 1254 4106 the
1291 4062 1492 4120 present
1529 4063 1687 4104 secret

525 4140 756 4204 working
785 4137 843 4188 of
871 4137 1030 4188 Satan
1063 4151 1118 4186 as
1144 4135 1429 4186 contrasted
1451 4134 1574 4183 with
1606 4134 1688 4184 his

524 4223 687 4272 future
701 4220 972 4272 revelation
995 4220 1047 4268 in
1071 4217 1156 4268 the
1179 4217 1478 4266 Antichrist.
1498 4215 1677 4280 Chrys·

523 4304 680 4354 limits
718 4303 802 4353 the
833 4299 1141 4367 application
1177 4307 1231 4348 to
1264 4297 1434 4348 Nero:
1481 4296 1685 4360 Νέρωνα

523 4387 730 4436 ἐνταῦθά
775 4389 926 4447 φησιν
981 4382 1159 4432 ὡσανεὶ
1213 4383 1368 4431 τύπον
1423 4379 1542 4430 ὄντα
1594 4381 1684 4429 τοῦ

523 4468 875 4534 ἀντιχρίστου..
903 4467 982 4516 καὶ
1006 4466 1164 4516 καλῶς
1191 4465 1324 4514 εἷπεν
1348 4459 1681 4526 *μυστήριονβ

1789 3567 2041 3617 τουτέστιν
2088 3567 2146 3615 οὒ
2188 3569 2421 3630 φανερῶς,
2474 3565 2536 3616 ὡς
2588 3567 2780 3627 ἐκεῖνος,
2839 3567 2951 3617 οὐδὲ

1790 3647 2264 3711 ἀπηρυθριασμένως.
2332 3647 2489 3698 Thdt.
2527 3663 2635 3698 sees
2673 3648 2759 3698 the
2794 3649 2947 3698 lame-

1788 3744 1903 3778 ness
1942 3729 2001 3778 of
2042 3729 2142 3779 this
2179 3729 2501 3794 explanation
2549 3728 2609 3777 of
2638 3745 2803 3788 uva-r..
2843 3729 2947 3780 and

1788 3811 1975 3877 prefers
2004 3808 2148 3862 Th.’s
2176 3811 2307 3862 view
2340 3812 2394 3861 in
2428 3825 2459 3861 a
2492 3811 2735 3862 modified
2764 3813 2947 3877 shape:

1786 3895 1889 3956 ἐγὼ
1914 3893 1968 3942 δὲ
2004 3895 2137 3953 οἶμαι
2174 3895 2261 3944 τὰς
2297 3892 2593 3955 α’ναφυείσας
2630 3895 2834 3956 αἱρέσεις
2866 3897 2949 3955 δη-

1790 3977 1905 4024 λοῦν
1936 3977 2019 4025 τὸν
2048 3973 2341 4026 ἀπόστολον.
2416 3975 2647 4040 Pelagius
2683 3976 2724 4026 is
2754 3992 2820 4026 on
2860 3977 2950 4028 the

1789 4071 1927 4104 same
1973 4055 2139 4104 track:
2203 4057 2240 4082 “
2255 4056 2544 4119 mysterium
2579 4055 2683 4105 iam
2717 4063 2954 4120 operatur

1789 4137 1911 4200 iniq.
1938 4135 1990 4185 in
2012 4135 2092 4185 his
2120 4137 2207 4201 qui
2244 4137 2380 4186 falsis
2414 4137 2654 4187 doctrinis
2676 4137 2781 4186 eius
2804 4153 2949 4201 prae·

1786 4218 1923 4267 uium
1947 4217 2134 4268 faciunt
2158 4216 2303 4268 iter.'’
2370 4218 2451 4268 Cf.
2485 4219 2616 4282 Aug.
2652 4219 2771 4278 l.c.,·
2808 4219 2946 4270 “alii

1790 4317 1953 4350 ...non
1976 4309 2153 4366 putant
2176 4301 2367 4351 dictum
2388 4301 2485 4352 nisi
2499 4303 2563 4351 de
2576 4301 2721 4351 malis
2744 4309 2793 4351 et
2817 4301 2947 4352 fictis

1783 4383 1869 4448 qui
1903 4390 2016 4432 sunt
2052 4383 2105 4432 in
2140 4382 2399 4433 ecclesia.”
2467 4385 2684 4448 Peragit,
2708 4383 2943 4435 intrans-z

1788 4463 2019 4514 “carries
2042 4479 2110 4514 on
2130 4463 2209 4513 his
2232 4461 2427 4516 work.”
