3250 5025
299 401 385 467 V.
425 414 519 484 15,
561 400 684 486 16.]
887 412 972 466 m
1020 414 1127 468 ΕΡ.
1173 415 1276 466 AD
1322 414 2075 469 THESSALomcENsEs
2122 416 2167 468 1.
2637 416 2719 483 37

295 597 652 671 sequenter
694 588 782 654 de
827 588 973 667 illis,
1023 611 1199 674 quae
1247 592 1391 675 ipse
1435 591 1882 675 praedixerat,
1930 588 2270 674 praecepit
2314 588 2517 653 etiam
2563 587 2719 651 doc-

296 701 477 757 tores
525 693 782 773 facere3
845 696 933 759 de
983 696 1227 779 quibus
1287 704 1356 759 et
1409 696 1552 779 ipse
1604 695 1675 758 in
1723 696 2007 778 epistola
2054 716 2175 759 sua
2225 695 2594 777 scripserat,
2647 698 2721 755 ut

295 795 384 859 de
413 795 515 859 his
548 795 965 880 diligentiam
1010 798 1421 863 adhiberent.
1514 806 1582 862 et
1623 797 1752 861 illis
1792 797 2206 881 praecipiens
2245 794 2719 878 compendiose

297 907 373 962 ut
401 903 416 929 ‘
438 900 841 964 instruerent
871 900 1441 983 indisciplinatos‚'
1463 899 1552 965 ad
1585 922 1755 983 quos
1788 911 1854 965 et
1886 902 2029 985 ipse
2054 902 2317 965 uidetur
2344 899 2716 982 scripsisse;

292 1004 714 1068 consolamini
753 1025 909 1069 uero
940 1005 1416 1088 pusillanimes,
1450 1004 1563 1089 qui
1605 1005 1695 1068 ob
1737 1005 1884 1068 illos
1929 1006 2042 1089 qui
2084 1004 2503 1069 decedebant
2533 1000 2719 1066 flebi-
2790 1014 2824 1083 5

293 1103 448 1169 liter
517 1126 746 1170 eorum
808 1107 1300 1189 separationem
1361 1107 1703 1187 ferebant3
1785 1108 2097 1171 sustinete
2165 1104 2719 1191 infirmos—dicit

295 1219 524 1275 autem
566 1212 652 1275 de
683 1211 814 1275 illis
846 1214 960 1295 qui
1000 1211 1436 1276 fornicatione
1476 1210 2019 1294 deturpabantur,
2065 1212 2316 1275 docens
2356 1231 2491 1275 non
2532 1208 2719 1275 abdi-

293 1336 446 1381 care
469 1338 584 1380 eos
608 1328 880 1400 propter
909 1318 1166 1399 peccati
1194 1317 1398 1399 ipsius
1424 1316 2035 1398 exprobrationem,
2061 1316 2177 1380 sed
2204 1324 2270 1379 et
2296 1314 2715 1399 diligentiam

294 1436 452 1501 erga
488 1417 637 1483 illos
677 1421 974 1484 debitam
1013 1419 1348 1496 adhibere,
1381 1427 1449 1482 et
1493 1438 1723 1481 curam
1770 1419 1986 1501 magis
2031 1416 2162 1480 illis
2205 1416 2421 1481 facere
2452 1425 2527 1480 ut
2556 1436 2718 1479 con-

297 1531 656 1587 uertantur.
749 1524 843 1587 sic
873 1532 943 1588 et
982 1523 1116 1587 alio
1158 1524 1226 1585 in
1267 1522 1416 1586 loco
1463 1523 1791 1585 scribens:
1834 1522 1982 1604 quis
2023 1521 2293 1605 (inquit)
2332 1522 2722 1605 infirmatur
2752 1539 2832 1587 10

291 1632 358 1687 et
384 1644 510 1686 non
538 1645 650 1707 ego
673 1624 1023 1708 infirmor?
1066 1624 1195 1687 hoc
1227 1633 1346 1701 est,
1371 1627 1387 1657 ‘
1410 1644 1562 1688 mea
1587 1644 1732 1688 esse
1763 1624 2043 1688 aliorum
2066 1624 2384 1689 existimo
2407 1620 2717 1706 peccata!

295 1723 468 1787 bene
511 1735 737 1790 autem
785 1727 990 1790 adicit
1019 1727 1342 1809 patientes
1381 1736 1571 1791 estote
1607 1726 1707 1789 ad
1736 1747 1966 1801 omnes,
2000 1746 2081 1790 eo
2122 1726 2303 1811 quod
2334 1724 2461 1789 hoc
2492 1744 2717 1788 neces-

293 1828 542 1891 sarium
591 1829 788 1893 ualde
832 1837 935 1893 est
980 1830 1334 1913 magistris,
1368 1831 1464 1894 ita
1506 1838 1582 1893 ut
1629 1851 1764 1894 non
1810 1830 2002 1894 facile
2046 1831 2403 1913 desperent
2447 1836 2720 1913 propter

293 1939 588 2010 peccata,
630 1930 964 2013 patienter
1013 1951 1174 1996 uero
1228 1951 1417 1995 suam
1463 1932 1789 2015 impleant
1842 1932 2231 2007 doctrinam,
2279 1938 2719 2014 expectantes

295 2051 559 2115 semper
590 2041 663 2098 ut
694 2034 998 2119 discipuli
1042 2035 1348 2099 meliores
1394 2036 1494 2099 sui
1536 2035 1921 2110 efficiantur,
1952 2035 2339 2118 lucrumque
2374 2033 2715 2116 proprium
2752 2047 2823 2117 15

295 2155 441 2200 esse
472 2138 877 2215 existiment,
910 2139 1170 2202 etiarnsi
1208 2146 1277 2202 et
1321 2139 1526 2203 serius
1572 2137 1936 2221 aliquando
1982 2159 2097 2202 eos
2139 2138 2480 2221 potuerint
2520 2137 2604 2200 ad
2647 2135 2718 2198 id

293 2242 475 2322 quod
522 2239 876 2307 honesturn
919 2251 1021 2307 est
1056 2263 1387 2307 reuocare.
1479 2252 1548 2308 et
1578 2243 1820 2307 iterum
1866 2241 1953 2307 ad
1990 2241 2369 2325 generalem
2401 2239 2717 2305 exhorta-

295 2342 551 2407 tionem
584 2345 1018 2428 progrediens
1047 2346 1375 2428 praecipit
1403 2370 1417 2409 ι

427 2480 636 2547 uidete
665 2502 742 2545 ne
783 2481 930 2565 quis
971 2481 1222 2546 malum
1247 2492 1374 2564 pro
1405 2481 1575 2546 malo
1605 2479 1809 2546 alicui
1851 2479 2099 2558 reddat,
2130 2479 2250 2545 sed
2278 2488 2524 2563 semper
2548 2478 2727 2564 quod

297 2581 528 2648 bonum
557 2596 653 2650 est
677 2585 1017 2649 sectamini
1045 2586 1118 2650 in
1148 2585 1423 2649 inuicem
1453 2595 1515 2649 et
1543 2586 1615 2649 in
1644 2606 1876 2650 omnes,
2745 2603 2831 2650 20

427 2704 590 2768 nulli
623 2705 872 2768 malurn
906 2725 1026 2787 pro
1063 2704 1244 2770 malo
1273 2706 1516 2770 debere
1547 2704 1904 2769 retribuere
1935 2703 2113 2780 dicit,
2142 2701 2419 2787 [bonum
2450 2701 2713 2787 sectari]

297 2827 455 2870 uero
516 2807 583 2869 in
643 2814 970 2888 quantum
1032 2809 1240 2873 uirtus
1300 2807 1682 2890 opitulatur,
1733 2815 1807 2870 ut
1857 2808 2071 2890 magis
2122 2807 2187 2869 in
2243 2807 2529 2870 inuicem
2589 2807 2715 2870 sibi

295 2908 619 2973 beneficia
663 2908 1044 2990 praebeant,
1088 2931 1239 2975 cum
1281 2910 1408 2973 illis
1449 2909 1562 2993 qui
1609 2909 1869 2974 externi
1918 2909 2109 2974 nobis
2154 2928 2301 2974 esse
2345 2907 2715 2975 uideantur.

296 3014 541 3078 deinde
571 3012 775 3078 adicit
801 3039 814 3079 ε

423 3161 671 3232 semper
685 3151 978 3234 gaudete.
2743 3176 2779 3223 2
2786 3172 2819 3242 5

424 3265 554 3333 hoc
600 3277 739 3332 est:
802 3272 959 3353 ‘pro
1005 3269 1315 3333 omnibus
1360 3270 1647 3335 tristitiis
1691 3291 1866 3354 quae
1925 3271 2117 3335 uobis
2175 3269 2488 3335 accidunt
2534 3270 2713 3334 bono

397 3437 419 3471 1
458 3421 744 3486 praecoepit
771 3421 816 3472 C
960 3437 989 3486 3
1021 3422 1333 3488 praecipiens
1353 3439 1432 3473 om
1455 3440 1490 3472 r
1616 3443 1649 3487 4
1682 3423 1935 3474 iustruerit
1961 3421 2039 3474 C*
2194 3437 2223 3487 5
2257 3423 2556 3473 decidebant
2584 3420 2661 3473 C*
2684 3438 2719 3473 r

291 3499 326 3552 6
357 3505 601 3555 sustinere
629 3506 706 3556 C*
975 3519 1002 3570 7
1036 3507 1426 3572 deturpebantur
1447 3509 1517 3557 H
1572 3507 1966 3557 deturbabantur
1987 3523 2020 3556 r
2280 3507 2310 3556 8
2344 3505 2715 3555 abdicationem

291 3583 411 3646 (for
430 3584 682 3649 exprobr.)
707 3586 776 3634 Η
899 3600 960 3636 10
981 3586 1034 3635 in
1056 3587 1156 3636 alio
1178 3588 1213 3637 1.
1238 3589 1306 3636 H
1324 3586 1333 3653 Ι
1359 3587 1534 3638 scribis
1561 3587 1637 3638 C·
1707 3588 1879 3638 scribit
1901 3587 1943 3636 C
1965 3583 2110 3651 (corr)
2144 3583 2152 3652 Ι
2180 3586 2340 3651 inquit
2360 3603 2438 3635 om
2462 3587 2527 3636 H
2654 3603 2673 3637 1
2688 3602 2709 3636 1

290 3682 388 3732 ego
410 3683 514 3717 non
535 3669 605 3717 H
615 3683 647 3716 r
673 3665 682 3732 Ι
708 3683 844 3732 pecc.
875 3668 1017 3719 exist.
1042 3686 1077 3718 r
1225 3686 1283 3720 21
1321 3671 1591 3720 retribuere
1626 3670 1750 3720 dicit
1773 3686 1851 3718 om
1880 3669 1951 3719 C*
1980 3667 1989 3734 Ι
2018 3670 2207 3718 bonum
2230 3668 2406 3718 sectari
2429 3685 2509 3718 om
2538 3667 2605 3718 C‘
2622 3669 2712 3717 H:

283 3747 492 3797 reddere
530 3747 652 3797 dicit
685 3754 874 3798 sectare
908 3751 953 3799 C
983 3747 1132 3813 (corr)
1173 3750 1307 3812 [both
1350 3751 1394 3800 C
1407 3749 1436 3776 *
1470 3751 1581 3800 and
1613 3751 1685 3800 H
1706 3751 1839 3800 shew
1880 3766 1913 3800 a
1946 3750 2153 3811 lacuna]
2187 3749 2391 3800 retribui
2436 3749 2487 3798 d.
2522 3750 2713 3798 bonum

288 3837 480 3878 sectare
501 3846 534 3878 r
726 3844 753 3877 α
760 3844 790 3893 3
823 3830 976 3880 etiam
1006 3831 1104 3895 (ast
1136 3830 1424 3896 praebeant)
1452 3832 1558 3881 add
1591 3833 1635 3882 C
1670 3830 1816 3896 (corr)
1848 3830 1859 3895 Ι
1884 3847 2015 3897 quae
2044 3848 2105 3882 ex
2135 3839 2331 3881 terrena
2358 3829 2567 3880 materia
2601 3829 2717 3894 (sor

289 3913 378 3978 qui
399 3911 611 3974 externi)
633 3929 668 3961 r

360 4054 408 4105 7.
440 4041 856 4107 deturpabuntur]
872 4042 1092 4104 Ronsch,
1100 4043 1254 4105 Itala,
1269 4057 1318 4109 p.
1342 4059 1451 4110 190.
1551 4043 1723 4110 clergy
1744 4046 1845 4095 and
1866 4044 2049 4111 people
2070 4044 2220 4095 alike.

363 4139 437 4174 ro.
507 4125 608 4173 alio
629 4125 688 4173 in
710 4123 827 4185 loco]
863 4140 890 4173 α
916 4125 1036 4175 Cor.
1059 4125 1126 4175 xi.
1154 4141 1235 4192 29.
1620 4142 1702 4177 21.
1768 4128 1949 4177 bonum
1986 4125 2181 4188 sectari]
2243 4125 2321 4178 Or
2360 4126 2576 4194 perhaps
2618 4145 2711 4180 sec-

360 4217 439 4268 15.
507 4205 724 4255 meliores
766 4205 870 4268 sui]
925 4205 1003 4256 Cs.
1044 4205 1268 4265 R6nscb,
1299 4206 1453 4265 Itala,
1552 4215 1663 4258 tare
1685 4208 1792 4270 (ins.
1821 4210 1960 4270 act).
2034 4211 2105 4260 So
2139 4208 2383 4270 (whether
2414 4210 2482 4276 by
2515 4210 2710 4275 conjec-

287 4303 340 4353 p.
365 4284 479 4352 436.
1549 4295 1659 4340 ture
1681 4304 1739 4339 or
1766 4289 1893 4339 from
1923 4305 1954 4338 a
1981 4304 2120 4340 more
2149 4289 2337 4354 perfect
2366 4289 2514 4356 copy)
2543 4291 2711 4340 Raba-

359 4383 434 4432 17·
474 4369 658 4420 iterum
679 4370 868 4435 adgen.
883 4369 1016 4428 exh„
1040 4371 1152 4433 δια]
1187 4371 1266 4422 Cf.
1291 4371 1448 4422 Thdt.
1549 4385 1643 4420 nus
1666 4369 1887 4436 supplies
1907 4370 1995 4420 the
2016 4370 2187 4420 hiatus
2208 4371 2261 4422 in
2282 4387 2375 4421 our
2397 4371 2554 4423 MSS.

288 4450 472 4514 (infra,
502 4466 570 4501 on
601 4465 653 4500 v.
679 4452 763 4511 αα)
799 4451 904 4500 eim
932 4449 1132 4514 ’γενικῶς
1165 4453 1448 4516 ἀποτρέπει.
1618 4449 1699 4501 26.
1766 4453 1853 4504 hoc
1873 4459 1969 4504 est:
1990 4461 2089 4518 pro
2108 4469 2240 4503 omn.
2271 4453 2431 4515 uisa]
2466 4453 2613 4504 Cited
2639 4453 2711 4518 by

288 4532 400 4583 The
437 4531 756 4583 exhortationi
800 4531 844 4582 is
895 4534 1044 4599 again
1084 4533 1354 4586 addressed
1397 4541 1452 4584 to
1553 4535 1819 4586 Lanfranc.
1876 4535 1957 4588 Cf.
1977 4535 2182 4600 Chrys.:
2204 4536 2349 4586 τοῦτο
2365 4535 2475 4600 περὶ
2492 4532 2586 4584 τῶν
2607 4551 2707 4585 πει-
