3250 5025
250 344 382 410 111.
414 344 674 428 8-ιο.]
846 358 930 411 m
978 360 1084 413 ΕΡ.
1129 360 1232 411 AD
1276 360 2027 414 THESSALONICENSES
2074 364 2118 414 1.
2576 366 2679 443 ‚19

382 532 736 614 ‘quoniam
796 541 1023 597 autem
1077 533 1353 598 ueniens
1403 534 1739 599 nuntiauit
1788 534 1981 599 nobis
2029 532 2413 598 firmitatem
2474 552 2677 617 quam

247 651 407 713 erga
467 652 590 696 nos
647 632 926 710 habetiS,
987 644 1055 699 et
1114 637 1432 717 quoniam
1501 656 1831 700 memores
1896 636 2056 702 estis
2126 637 2352 712 nostri,
2417 654 2680 718 semper

247 733 706 801 desiderantes
738 758 862 801 nos
891 737 1062 802 sicut
1093 748 1162 803 et
1192 759 1316 802 nos
1346 760 1484 817 uoS,
1517 740 1954 805 sufficientem
1987 740 2205 804 omnis
2236 738 2679 805 tribulationis

249 848 518 904 nostrae
564 839 891 905 habemus
942 841 1487 920 consolationem,
1527 844 1837 908 nuntium
1885 844 2071 909 illum
2117 860 2317 926 quem
2364 842 2451 907 de
2490 842 2681 905 uobis

249 942 753 1024 cognoscimus!
871 952 940 1008 et
997 945 1569 1027 quemadmodum
1631 945 2060 1011 oblectabant
2118 964 2272 1010 eum
2331 944 2445 1009 illa
2503 945 2680 1009 bona
2757 955 2786 1021 5

248 1061 423 1123 quae
453 1044 540 1107 de
569 1044 696 1108 illis
727 1052 882 1108 sunt
913 1065 1311 1129 cognoscere
1342 1048 1704 1111 ostendens
1733 1047 2015 1111 adiecit:

383 1184 691 1267 quoniam
721 1192 894 1251 nunc
919 1186 1228 1267 uiuimus,
1258 1187 1326 1252 si
1351 1210 1464 1253 uos
1490 1188 1687 1253 statis
1718 1188 1787 1253 in
1817 1187 2115 1253 Domino.

385 1308 402 1334 ‘
420 1325 598 1369 nunc
628 1306 850 1371 uiuere
881 1327 1004 1371 nos
1029 1308 1512 1385 existimamus
1532 1308 1586 1371 si
1617 1328 1740 1371 uos
1772 1307 1838 1371 in
1858 1306 1991 1371 fide
2015 1305 2448 1389 perstiteritis
2469 1305 2677 1371 uitam

255 1408 588 1473 nostram!
675 1418 743 1474 et
772 1430 1026 1493 augens
1058 1410 1256 1476 illud:

381 1575 578 1635 quam
611 1554 882 1640 (inquit)
903 1556 1288 1639 gratiarum
1317 1554 1625 1621 actionem
1652 1567 1997 1639 possumus
2030 1553 2167 1618 Deo
2196 1552 2544 1618 retribuere
2554 1563 2681 1635 pro
2717 1564 2795 1611 10

250 1657 431 1722 uobis
450 1672 640 1742 super
653 1660 837 1725 omni
849 1660 1100 1744 gaudio
1117 1680 1240 1742 quo
1247 1658 1612 1742 gaudemus
1622 1669 1889 1742 propter
1904 1678 2017 1721 uos
2034 1678 2251 1721 coram
2274 1656 2411 1720 Deo
2430 1666 2638 1720 uestro
2650 1657 2684 1721 ?

385 1784 514 1849 ‘sic
550 1786 729 1850 enim
777 1797 1003 1850 nostra
1045 1787 1510 1850 existimamus
1551 1784 1663 1848 illa
1704 1784 1883 1847 bona
1927 1804 2099 1866 quae
2144 1793 2363 1847 uestra
2404 1792 2575 1857 sunt,
2608 1793 2684 1847 ut

253 1886 413 1967 quia
471 1886 633 1950 talia
693 1888 1072 1953 audiuimus
1131 1890 1217 1952 de
1277 1888 1468 1951 uobis
1525 1885 1886 1950 Timotheo
1946 1886 2299 1961 deferente,
2361 1903 2679 1969 magnum

253 1990 596 2071 quoddam
635 1991 721 2054 de
762 1991 955 2055 uobis
1001 1992 1321 2074 gaudium
1364 1990 1747 2063 habeamuS,
1782 1990 1877 2054 ita
1917 1999 1994 2053 ut
2038 2010 2161 2054 nec
2200 1989 2531 2071 condigne
2560 2010 2681 2071 pro

249 2091 356 2153 his
383 2091 633 2173 gratias
663 2114 860 2175 agere
894 2093 1043 2158 Deo
1075 2114 1197 2157 nos
1229 2114 1425 2177 posse
1469 2092 1971 2157 existimemus!
2061 2101 2128 2156 et
2160 2101 2234 2155 ut
2263 2112 2348 2156 ne
2378 2092 2683 2156 uideatur
2716 2099 2786 2165 15

253 2192 382 2256 ista
411 2194 640 2259 dicens
672 2196 926 2259 dixisse
958 2196 1045 2259 ab
1077 2195 1192 2259 illo
1215 2195 1543 2259 desiderio
1567 2215 1704 2278 quo
1726 2194 2147 2259 desiderabat
2170 2194 2255 2258 ad
2282 2213 2395 2257 eos
2420 2193 2679 2257 uenire:

383 2294 555 2391 nocte
595 2338 662 2392 et
701 2328 808 2393 die
837 2329 1468 2412 superabundantius
1504 2328 1915 2412 deprecantes,
1969 2337 2046 2391 ut
2082 2326 2420 2391 uideamus
2430 2324 2679 2409 faciem

253 2439 554 2509 uestram,
587 2443 651 2497 et
675 2436 1080 2519 suppleamus
1105 2456 1181 2498 ea
1209 2455 1372 2518 quae
1399 2432 1633 2497 desunt
1650 2430 1826 2518 fidei
1850 2442 2115 2496 uestrae.

383 2562 830 2642 ‘persistimus
892 2563 1160 2648 (inquit)
1222 2572 1490 2625 orantes
1549 2569 1623 2624 ut
1683 2569 1751 2625 et
1810 2559 2157 2624 uideamus
2216 2580 2338 2623 uos
2396 2569 2466 2623 et
2524 2580 2680 2642 sup-

252 2662 572 2744 pleamu3‚
603 2667 806 2730 etiam
839 2668 893 2730 si
925 2675 994 2731 et
1024 2667 1254 2730 deesse
1286 2664 1477 2729 uobis
1508 2662 1759 2748 aliquid
1793 2662 2086 2729 uidetur.'
2176 2672 2246 2728 et
2276 2663 2676 2730 desiderium
2708 2679 2791 2727 20

251 2767 600 2852 explicans
630 2790 823 2834 suum
854 2771 1096 2836 adiecit
1124 2795 1138 2835 z

353 2941 380 2990 5
417 2928 798 2980 oblectabantur
837 2930 882 2980 C
912 2932 1062 2992 (corr)

259 3025 315 3060 12
351 3017 407 3060 ut
428 3025 506 3058 om
531 3027 563 3058 r
815 3027 873 3076 13
907 3012 1168 3062 differente
1197 3014 1241 3062 C
1249 3013 1272 3037 “

249 3087 322 3136 ita
341 3103 419 3136 om
442 3104 476 3136 r
686 3101 743 3149 15
779 3095 951 3136 nostro
975 3089 1090 3153 (for
1109 3087 1220 3152 nos)
1245 3106 1279 3137 r

250 3167 308 3216 in
331 3183 485 3232 marg
503 3169 548 3218 C
569 3165 718 3231 (corr)
918 3183 974 3218 ἰι
1015 3168 1170 3219 adicit
1198 3170 1243 3219 C
1263 3187 1295 3218 r

1288 2931 1319 2980 6
1353 2931 1506 2982 adicit
1533 2931 1577 2982 C
1597 2948 1630 2980 r

1351 3011 1594 3062 referente
1622 3013 1667 3061 C
1687 3013 1837 3072 (corr)
1862 3028 1894 3060 r

1490 3087 1548 3139 16
1581 3089 1719 3154 quod
1750 3089 1795 3138 C

1861 2931 1892 2978 8
1924 2929 2079 2979 uitam
2108 2933 2331 2978 nostram
2350 2942 2430 2976 om
2464 2926 2508 2976 C
2528 2924 2675 2990 (corr)

2146 3025 2204 3072 14
2236 3009 2479 3059 habemus
2506 3008 2553 3058 C
2568 3009 2637 3072 H
2649 3025 2681 3056 r

2000 3103 2065 3138 πο
2096 3086 2285 3152 expleri
2308 3085 2407 3152 (ast
2425 3085 2555 3148 uid.)
2577 3085 2683 3134 add

319 3310 367 3358 8.
433 3309 594 3357 uitam
638 3306 884 3369 nostram]
918 3307 1004 3357 Cf.
1043 3307 1252 3372 Chrys-t
1289 3312 1414 3373 ζωὴν
1515 3305 1647 3368 ὑμῶν
1668 3307 1894 3358 habuit.”
1962 3308 2059 3357 But
2084 3307 2171 3358 the
2192 3323 2329 3358 error
2348 3307 2393 3360 is
2420 3325 2541 3374 very
2562 3325 2675 3374 pos·

253 3389 490 3452 [ἠγὸἰται]
535 3390 625 3450 τὴν
667 3389 856 3438 ἐκείνων
896 3391 1162 3451 προκοπήν.
1229 3391 1411 3440 Thdt.:

251 3469 342 3527 τὴν
359 3468 462 3530 ’γὰρ
483 3467 719 3530 ὑμετέραν
743 3468 1008 3531 βεβαίωσιν
1029 3469 1154 3530 ζωὴν
1177 3467 1416 3530 ἡμετέραν

253 3547 676 3612 ὑπολαμβάνομεν.
751 3548 1008 3614 Similarly
1051 3549 1265 3614 Thpht„
1315 3551 1417 3600 and

254 3630 484 3695 Pelagius
511 3631 688 3694 (“uita
709 3639 879 3682 nostra
904 3632 958 3683 in
988 3640 1154 3683 uestra
1183 3633 1416 3684 firmitate

251 3711 478 3763 consistit
491 3712 557 3776 ”).
625 3714 804 3778 Jacobi
859 3722 1082 3780 suspects
1136 3732 1202 3765 an
1255 3733 1408 3776 error,

250 3795 351 3842 and
377 3797 544 3845 uitam
572 3803 794 3846 nostram
820 3797 983 3862 might
1005 3798 1262 3849 doubtless
1283 3800 1413 3848 have

249 3891 438 3940 sprung
458 3877 586 3927 from
616 3878 770 3929 “uita
801 3878 1042 3942 nostra;”
1075 3881 1165 3931 but
1195 3883 1281 3932 the
1302 3897 1408 3932 acc.

251 3959 294 4008 is
311 3959 583 4010 confirmed
598 3962 665 4026 by
678 3961 766 4012 the
781 3961 1012 4027 parallels
1027 3964 1214 4026 quoted
1233 3964 1410 4014 above.

321 4055 398 4091 ιι.
462 4049 613 4107 super
637 4044 782 4093 omni
799 4044 1004 4108 gaudio]
1070 4045 1151 4092 ἐπὶ
1181 4041 1320 4105 πάσῃ
1347 4042 1415 4105 τῆ

251 4121 398 4186 χαρᾷ.
467 4125 534 4175 Ο.
559 4125 622 4173 L.
669 4125 869 4190 “super
902 4141 1054 4175 omne
1090 4124 1358 4189 gaudium;
1380 4124 1410 4148 ”

250 4205 424 4268 Vulg.‚
462 4205 558 4256 “in
589 4205 726 4255 omni
753 4205 990 4270 gaudio.”
1061 4207 1242 4256 Coram
1265 4207 1409 4266 Deo;

251 4285 314 4335 cf.
341 4298 404 4335 11.
427 4302 480 4351 p.
507 4301 554 4350 3,
581 4287 616 4338 1.
647 4304 692 4352 3,
719 4297 854 4338 note.
913 4289 1156 4346 Clarom.,
1187 4289 1407 4340 “coram

253 4365 472 4416 Deum.”
507 4357 702 4425 Vestro,-
727 4367 1012 4433 ‹tf-jacobi:
1045 4373 1252 4419 “textus
1271 4385 1409 4433 grae·

251 4461 353 4504 cus,
396 4446 440 4495 si
478 4448 695 4498 uersioni
733 4447 858 4498 fides
895 4447 1130 4498 habenda
1167 4455 1260 4506 est,
1301 4449 1412 4497 θεοῦ

1514 3388 1647 3453 sibly
1668 3389 1721 3438 in
1744 3405 1836 3438 our
1859 3389 2044 3450 MSS.;
2072 3387 2139 3438 cf.
2160 3399 2223 3438 11.
2242 3405 2292 3454 p.
2322 3391 2397 3450 18,
2415 3388 2451 3438 l.
2471 3392 2517 3448 8,
2536 3396 2671 3440 note.

1587 3487 1663 3534 14.
1732 3471 1805 3520 ita
1827 3477 1887 3519 ut
1908 3485 1991 3519 nec
2010 3470 2255 3533 condigne,
2279 3469 2391 3530 &c.]
2446 3471 2493 3518 T
2496 3471 2635 3534 hpht.
2659 3487 2671 3519 :

1515 3554 1624 3602 οὐδὲ
1653 3554 2003 3615 εὐχαριοτῆσαι
2027 3550 2103 3612 τῷ
2126 3547 2223 3612 θεῷ
2241 3549 2348 3600 κατ’
2374 3551 2511 3610 ἀξίαν
2544 3549 2672 3600 δυνά-

1515 3637 1641 3696 μεθα,
1662 3633 1787 3696 ὑπὲρ
1810 3631 1953 3693 ὑμῶν.

1586 3729 1660 3778 15.
1714 3721 1773 3764 ut
1785 3731 1847 3764 ne
1863 3714 2111 3770 uideatur,
2121 3711 2237 3773 δια]
2256 3710 2435 3774 Jacobi
2450 3711 2579 3761 edits
2595 3719 2670 3760 ut-

1512 3812 1607 3861 que
1625 3795 1726 3845 m'd.
1748 3812 1763 3855 3
1796 3795 1886 3844 but
1902 3795 1989 3844 the
2007 3793 2161 3844 MSS.
2184 3793 2285 3842 and
2308 3793 2437 3842 Rab.
2454 3809 2602 3857 agree
2618 3793 2670 3843 in

1512 3876 1803 3942 presenting
1824 3881 1883 3924 ut
1902 3891 1977 3934 ne,
1996 3874 2162 3923 which
2180 3873 2205 3921 1
2224 3873 2471 3924 therefore
2493 3875 2669 3924 retain.

1512 3958 1625 4008 The
1652 3973 1793 4008 sense
1822 3971 1982 4006 seems
2011 3963 2065 4006 to
2094 3955 2288 4020 require
2323 3956 2408 4006 the
2435 3955 2670 4006 substitu-

1512 4040 1620 4090 tion
1664 4039 1724 4089 of
1757 4039 2017 4088 dis-cessasse
2058 4037 2137 4087 sor
2168 4037 2367 4093 dixisse,
2406 4037 2572 4087 unless
2609 4039 2671 4086 ab

1511 4139 1626 4187 may
1672 4121 1894 4187 possibly
1942 4135 2089 4170 mean
2142 4120 2262 4170 here
2317 4121 2331 4145 ⁶
2345 4126 2397 4170 at
2440 4121 2671 4170 variance

1509 4203 1668 4261 with,’
1681 4219 1736 4254 as
1755 4203 1851 4251 ἀπό
1868 4202 1921 4252 in
1944 4201 2028 4252 the
2044 4201 2223 4266 phrase
2241 4203 2325 4251 οὐκ
2348 4202 2446 4251 ἀπὸ
2471 4205 2669 4251 σκοποῦ.

1580 4299 1655 4349 17.
1731 4284 2233 4350 superabundantius]
2332 4281 2669 4348 ὑπερεκπερισ-

1510 4369 1615 4414 σοῦ.
1684 4366 1749 4416 Ο.
1776 4366 1857 4426 L.,
1892 4365 2395 4431 “superabundanter
2409 4363 2464 4426 ;”
2498 4366 2667 4428 vulg„

1515 4447 1552 4473 “
1566 4447 1913 4498 abundantius.
1924 4446 1953 4470 ”

2326 4560 2493 4606 2-2
