3250 5025
506 312 621 378 152
1145 313 1601 397 TnEononus
1650 313 2235 366 MOPSUESTENUS
2712 291 2822 386 [V.
2860 318 2915 366 2.

627 495 768 550 est:
826 492 1018 568 ‘erga
1082 485 1389 549 mulieres
1455 483 1723 568 (inquit)
1788 485 1991 549 talem
2052 495 2120 548 te
2178 483 2424 549 exhibe
2486 495 2561 549 ut
2627 487 2920 551 seniores

496 611 725 654 earum
758 597 1004 652 matres
1035 597 1186 652 tuas
1216 608 1360 651 esse
1392 587 1775 652 existimes!
1864 589 2109 652 deinde
2156 597 2224 652 et
2255 589 2339 653 de
2370 588 2651 654 nouellis
2680 591 2921 656 similia

497 694 806 769 adicienS,
839 691 1038 756 dicit:

624 852 1119 916 adolescentulas
1148 863 1224 917 ut
1247 873 1490 916 sorores
1521 852 1590 916 in
1621 852 1806 916 omni
1826 852 2135 916 castitate.

432 1009 462 1075 5
627 1005 770 1061 est:
832 1001 935 1060 ‘et
994 995 1116 1060 has
1183 995 1446 1080 (inquit)
1513 997 1684 1059 sicut
1744 1016 2004 1059 sorores
2059 997 2359 1078 proprias
2419 997 2658 1081 dilige)
2747 1000 2915 1065 diui-

496 1100 752 1164 sionem
785 1122 1069 1165 sexuum
1101 1111 1170 1164 et
1201 1111 1499 1164 aetatum
1533 1099 1672 1163 fieri
1718 1101 1960 1164 debere
2000 1101 2325 1184 probauit,
2359 1111 2426 1166 et
2462 1103 2732 1185 quidem
2764 1125 2916 1169 curn

493 1207 710 1287 possis
734 1205 845 1270 illa
870 1208 1082 1290 magis
1105 1216 1172 1270 et
1194 1206 1498 1270 absolute
1529 1216 1596 1269 et
1630 1207 1695 1269 in
1728 1227 2085 1270 commune
2114 1207 2353 1270 dicere.
2416 1209 2531 1270 sed
2565 1228 2686 1271 nec
2728 1207 2921 1287 fecit;

495 1317 570 1370 ut
599 1330 718 1391 per
746 1319 969 1392 partes
1000 1313 1380 1374 ostenderet
1413 1313 1751 1393 quoniam·
1776 1311 2077 1374 similiter
2122 1331 2275 1374 eum
2319 1311 2463 1374 uult
2494 1333 2651 1396 erga
2682 1332 2917 1375 omnes

491 1422 633 1477 tam
666 1414 843 1477 uiros
895 1433 1098 1496 quam
1153 1413 1459 1476 mulieres
1512 1413 1825 1476 affectum
1888 1415 2240 1477 ostendere
2290 1435 2483 1478 suum
2534 1417 2674 1480 siue
2722 1437 2915 1478 senes

387 1531 466 1577 10
492 1518 625 1580 sint
674 1517 815 1581 siue
868 1517 1157 1580 iuuenes,
1247 1517 1501 1597 optime
1549 1525 1776 1579 autem
1825 1537 1959 1580 non
2007 1517 2222 1580 solum
2260 1519 2625 1582 secundum
2672 1539 2911 1583 sexum

493 1621 669 1683 uiros
714 1629 782 1684 et
846 1619 1150 1683 mulieres
1195 1620 1438 1694 diuisit,
1493 1623 1610 1685 sed
1657 1622 1861 1684 etiam
1908 1630 1975 1684 et
2021 1623 2387 1686 secundum
2434 1631 2689 1686 aetates
2741 1644 2913 1706 quae

491 1745 610 1806 per
666 1726 1143 1807 proprietatem
1204 1735 1482 1790 naturae
1540 1726 1839 1789 accidere
1914 1725 2146 1789 solent.
2245 1727 2424 1790 unde
2498 1736 2566 1791 et
2640 1727 2913 1790 nomina

490 1828 854 1890 secundum
888 1835 1182 1890 aetatem
1213 1837 1618 1890 memoratus
1649 1837 1769 1905 est,
1802 1829 1897 1891 ita
1926 1837 2001 1891 ut
2032 1827 2397 1910 longaeuos
2426 1811 2696 1911 quidem
2730 1849 2915 1892 more

491 1940 842 2012 parentum
903 1929 1410 2004 adsectarentur,
1489 1932 1763 1993 iuuenes
1838 1951 1996 1993 uero
2054 1951 2239 1995 more
2314 1930 2607 1996 fratrum.
2696 1941 2765 1994 et
2838 1941 2913 1996 ut

385 2048 456 2117 15
492 2044 766 2118 augeret
796 2037 938 2099 eius
969 2035 1280 2099 affectum
1317 2036 1382 2100 in
1417 2037 1671 2113 meliuS,
1703 2037 1916 2100 simile
1958 2038 2208 2121 aliquid
2241 2039 2416 2102 dixit
2448 2037 2709 2101 illorum
2740 2059 2913 2121 quae

491 2139 824 2203 Dominus
870 2141 1136 2203 dixerat
1171 2140 1255 2203 ad
1297 2140 1443 2203 illos
1477 2141 1592 2222 qui
1630 2141 1755 2204 sibi
1799 2142 2269 2205 nuntiauerant
2308 2142 2625 2224 quoniam
2662 2146 2913 2205 ‘mater

488 2254 606 2310 tua
634 2256 704 2311 et
733 2245 968 2310 fratres
1000 2246 1101 2309 tui
1129 2254 1496 2328 expectant
1536 2255 1603 2309 te
1645 2246 1837 2310 foris’
1858 2269 1874 2325 ;
1921 2246 2305 2329 respondit:
2350 2251 2603 2309 ‘mater
2642 2244 2906 2328 (inquit)

488 2370 640 2412 mea
670 2358 738 2413 et
767 2349 1001 2412 fratres
1031 2348 1098 2412 hi
1129 2357 1286 2412 sunt
1316 2350 1429 2432 qui
1463 2348 1717 2412 faciunt
1750 2349 2029 2412 uerbum
2062 2347 2325 2412 meum.’
2416 2351 2509 2411 sic
2548 2356 2617 2411 et
2660 2349 2802 2430 ipse
2839 2349 2903 2411 in

485 2453 724 2518 eodem
757 2451 990 2517 ordine
1021 2451 1249 2517 fideles
1279 2473 1433 2516 eum
1463 2450 1713 2516 habere
1743 2452 2081 2535 praecipit.
2172 2452 2657 2516 intendendum
2700 2461 2802 2517 est
2847 2455 2907 2518 ei

373 2580 461 2629 20
485 2556 801 2633 cautelae,
850 2556 1419 2639 quemadmodum
1463 2556 1549 2618 de
1601 2554 2139 2619 adolescentibus
2189 2555 2573 2618 mulieribus
2628 2556 2908 2637 loquens

485 2662 779 2744 posuerit
838 2670 1176 2741 tamquam
1233 2679 1493 2733 sorores,
1556 2667 1626 2720 et
1674 2657 1776 2720 his
1830 2659 2146 2720 adiecerit
2203 2658 2273 2719 in
2339 2660 2523 2721 omni
2565 2662 2861 2726 castitate
2874 2687 2907 2738 ,-

484 2764 680 2828 simul
735 2773 802 2827 et
850 2762 1202 2826 consilium
1251 2783 1444 2825 suurn
1495 2782 1654 2845 erga
1702 2782 2022 2844 personas
2070 2771 2587 2826 memoratarum
2638 2774 2911 2846 propter

583 2951 626 2994 1,
655 2946 682 2995 5
718 2940 826 2983 esto
854 2927 970 2995 (for
988 2930 1082 2991 est)
1105 2933 1192 2982 H:
1227 2947 1307 2981 om
1330 2948 1361 2979 r
1381 2948 1400 2981 1
1477 2932 1712 2981 exhibere
1738 2930 1811 2982 C*
1944 2946 1973 2993 3
1997 2931 2219 2981 adiciens
2241 2930 2394 2980 adicit
2410 2930 2479 2979 H
2512 2930 2684 2979 dicens
2698 2930 2851 2980 adicit
2875 2946 2907 2980 r

476 3030 510 3075 4
544 3014 846 3075 iuuenculas,
871 3028 984 3063 cum
1022 3011 1136 3077 (for
1153 3011 1308 3073 adol„
1336 3013 1409 3074 in)
1433 3029 1466 3061 r
1660 3011 1692 3063 6
1724 3021 1774 3062 et
1799 3020 2017 3062 aetatem
2038 3013 2107 3062 H
2162 3027 2253 3076 per
2284 3021 2500 3061 aetatem
2523 3028 2556 3060 r
2583 3010 2592 3077 Ι
2619 3011 2904 3076 probabunt

482 3095 565 3146 C*
586 3096 655 3145 H
904 3107 930 3156 7
962 3092 1121 3158 possit
1159 3094 1202 3143 C
1225 3094 1373 3155 (corr)
1399 3111 1431 3142 r
1457 3092 1467 3157 Ι
1493 3093 1544 3142 in
1569 3094 1823 3143 communi
1848 3109 1881 3141 r
1903 3091 1913 3157 Ι
1944 3093 2041 3143 hoc
2066 3093 2183 3157 (sor
2202 3091 2316 3155 nec)
2344 3092 2388 3142 C
2408 3108 2440 3141 r
2687 3092 2717 3141 8
2740 3100 2907 3157 patres

477 3176 590 3241 (sor
610 3174 793 3242 partes)
824 3176 868 3224 C
885 3175 954 3224 H
1210 3191 1266 3225 η
1301 3190 1392 3240 per
1411 3191 1489 3225 om
1519 3176 1563 3224 C
1571 3192 1605 3224 r
1654 3175 1958 3240 proprietate
1986 3176 2031 3225 C
2041 3174 2184 3237 (corr)
2218 3191 2252 3222 r
2505 3190 2567 3238 14
2599 3174 2851 3224 affectaret
2875 3193 2909 3224 r

480 3258 540 3311 16
573 3258 715 3307 illum
738 3273 770 3306 r
794 3256 802 3322 Ι
833 3257 1148 3307 nuntiauerat
1175 3256 1257 3306 C*
1282 3258 1351 3306 H
1363 3273 1396 3305 r
1646 3273 1705 3325 19
1740 3258 1996 3322 praecepit
2018 3272 2050 3305 r
2074 3255 2083 3321 Ι
2113 3257 2205 3306 int.
2232 3271 2355 3305 uero
2378 3264 2453 3305 est
2476 3256 2549 3305 illi
2573 3272 2604 3304 r
2630 3259 2639 3315 Ι
2666 3272 2786 3305 uero
2810 3258 2909 3321 <ast

473 3342 568 3404 est)
591 3341 695 3391 add
710 3342 779 3391 H
967 3356 1030 3389 ιο
1061 3339 1350 3390 melioribus
1373 3338 1490 3404 (fhr
1509 3339 1657 3405 mul.)
1697 3342 1741 3391 C
1748 3339 1775 3365 ⁴*
1799 3342 1867 3389 H
2076 3353 2136 3387 ἠ
2174 3346 2563 3389 memoraturum
2601 3339 2646 3388 C
2666 3338 2733 3389 H
2743 3356 2776 3389 r

541 3529 587 3563 2.
637 3470 1169 3575 'nouella·s]=puenis;
1205 3508 1267 3559 cf.
1305 3526 1356 3574 p.
1387 3524 1494 3573 153,
1524 3509 1556 3559 l.
1589 3526 1636 3575 3.
1744 3511 1881 3561 Tert.
1925 3512 2044 3561 adu.
2089 3510 2255 3559 Marc.
2295 3509 2361 3559 iv.
2413 3524 2485 3575 19,
2520 3524 2587 3558 on
2623 3507 2789 3557 which
2824 3524 2907 3558 see

537 3614 586 3657 4.
653 3590 1050 3652 adolescentulas]
1118 3589 1189 3640 So
1219 3590 1286 3640 Ο.
1325 3591 1386 3639 L.
1409 3608 1426 3651 ς
1483 3592 1637 3656 Vuig.
1748 3591 1967 3651 Ronsch,
1989 3592 2062 3640 N.
2091 3591 2154 3639 T.
2180 3591 2232 3639 Τ
2228 3597 2335 3649 nt..
2363 3605 2414 3654 p.
2442 3587 2556 3652 636.
2605 3588 2707 3637 For
2727 3588 2913 3637 cxx-of

481 3678 518 3701 “
537 3672 882 3725 iuuencula5.”
1745 3672 1891 3721 Th-'s
1913 3672 2056 3722 habit
2090 3671 2150 3721 of
2177 3671 2333 3735 citing
2354 3670 2605 3734 inexactly
2635 3684 2717 3719 see
2750 3682 2787 3720 1.
2815 3686 2903 3736 pp.

538 3771 614 3818 13.
682 3757 810 3819 long.
881 3752 1282 3818 affletur-entur]
1355 3753 1458 3802 For
1484 3753 1643 3817 adfec-
1747 3770 1825 3817 54,
1850 3756 1930 3803 81.

466 3840 575 3887 tari
595 3840 704 3900 [ad]
739 3840 954 3902 aliquem
978 3852 1061 3887 see
1084 3836 1214 3885 lexx.
1814 3853 1892 3887 21.
1960 3843 2221 3900 tamquam
2260 3834 2464 3896 sorores]
2531 3835 2611 3885 Cf.
2648 3844 2819 3899 supra,
2862 3836 2896 3885 l.

537 3920 612 3973 16.
681 3929 843 3969 mater
861 3926 970 3975 tua,
994 3918 1109 3980 δια]
1174 3917 1287 3966 The
1312 3916 1563 3967 reference
1586 3916 1631 3966 is
1734 3937 1766 3980 4
1789 3920 1869 3977 (ul
1887 3920 1953 3978 s.)
1979 3919 2079 3966 and
2103 3917 2260 3981 infra,
2289 3932 2339 3981 p.
2376 3932 2431 3979 15
2438 3933 2483 3980 3,
2509 3916 2543 3965 1.
2569 3937 2601 3980 4
2631 3919 2778 3976 (sicut
2803 3918 2864 3983 s.)
2885 3934 2898 3975 ς

466 4012 520 4053 to
554 4004 608 4055 S.
633 4002 779 4052 Luke
803 4002 907 4050 viii.
933 4015 1014 4059 20,
1044 4014 1100 4049 αι
1128 4016 1143 4058 ;
1179 3999 1270 4049 but
1300 4005 1555 4062 expectant
1585 4004 1633 4049 te
1731 3998 1921 4049 further
1944 4016 2013 4048 on
2030 3999 2135 4059 (ib.,
2152 3999 2187 4047 1.
2209 4000 2305 4061 17),
2326 3998 2413 4049 the
2430 3999 2701 4048 translator
2716 4012 2902 4049 reverts

447 4087 590 4151 fhris
620 4086 712 4135 has
743 4086 874 4134 been
907 4083 1210 4132 substituted
1244 4083 1322 4131 sor
1371 4084 1401 4109 ‘⁴
1419 4089 1554 4131 stant
1586 4080 1621 4131 f.
1736 4088 1789 4129 to
1812 4087 1885 4129 ut.

463 4170 692 4219 uolentes
725 4174 776 4215 te
803 4164 1030 4225 uidere,”
1055 4166 1157 4215 and
1177 4164 1393 4228 faciunt
1422 4165 1630 4213 uerbum
1800 4160 1882 4195 ²²·
1950 4143 2363 4208 memoe‘atamm]
2416 4147 2430 4171 ‘
2449 4144 2563 4195 The
2596 4146 2896 4195 ἤθη-Φω-

462 4267 624 4302 meum
639 4250 716 4299 for
731 4254 760 4277 ‘⁸
773 4266 821 4299 u.
833 4250 932 4299 Dei
949 4248 1158 4298 audiunt
1174 4256 1224 4297 et
1243 4247 1444 4301 faciunt.
1457 4245 1488 4268 ”
1514 4247 1629 4296 The
1735 4226 1947 4279 ‘bned’
2018 4228 2089 4279 30
2134 4228 2160 4277 Ῑ
2208 4236 2417 4277 venture
2462 4234 2516 4321 t?
2564 4237 2755 4278 correct
2812 4229 2901 4279 the

460 4335 646 4387 second
672 4334 779 4384 and
804 4348 942 4383 more
975 4332 1164 4382 serious
1198 4333 1257 4381 of
1283 4332 1424 4381 these
1456 4330 1624 4380 devia·
1730 4310 1885 4362 MSS·
1921 4312 2203 4361 memn'
2217 4312 2260 4361 5⁵
2282 4310 2477 4375 usuan?
2490 4326 2543 4360 ¹¹¹
2566 4311 2665 4361 thiS
2688 4312 2897 4363 transla-

459 4420 591 4471 tions
615 4419 741 4468 from
767 4417 852 4467 the
881 4414 1096 4479 original
1125 4413 1254 4463 finds
1276 4430 1307 4461 a
1329 4412 1536 4477 parallel
1573 4413 1622 4461 in
1726 4393 2895 4460 tionadeponent,butscebelomp.154,1.26.
