3250 5025
509 366 594 430 92

1180 365 1637 420 THEODORUS
1684 367 2271 421 MOPSUESTENUS

2585 356 2702 440 [11.
2736 373 2797 438 9,
2835 375 2927 421 ιο.

642 539 712 601 in
753 538 980 604 lzabitu
1025 551 1252 605 omato
1289 563 1434 606 cum
1469 544 1851 609 uerecundia
1894 555 1959 610 et
1982 546 2311 629 pudicitia
2355 567 2588 611 ornare
2627 568 2695 612 se
2738 548 2928 630 ipsas,

507 660 636 704 non
682 640 750 703 in
773 641 978 722 flexis
1018 644 1304 709 crinibus
1345 666 1508 709 auro
1550 656 1673 710 aut
1704 649 2092 730 margaritis
2129 659 2253 714 aut
2288 660 2455 713 ueste
2483 652 2785 733 pretiosa,
2817 653 2935 716 sed

509 741 685 824 quod
705 744 870 808 decet
899 746 1276 811 mulieribus
1288 750 1814 831 promittentibus
1840 750 2056 815 Deum
2085 753 2291 829 colere,
2306 766 2432 834 per
2456 755 2619 818 bona
2648 765 2851 836 opera.

640 895 760 956 per
803 875 1031 939 omnia
1075 876 1241 939 haec
1285 875 1428 941 uult
1473 877 1692 941 dicere
1737 880 2055 961 quoniam
2102 881 2456 943 ‘conuenit
2500 889 2569 944 et
2616 881 2926 946 mulieres

448 977 774 1065 5illorum
823 980 1116 1061 ipsorum
1178 978 1596 1062 diligentiam
1660 979 2043 1059 adhibere3’

2118 982 2473 1046 docentem
2536 984 2927 1048 mulieribus

511 1102 683 1165 quae
716 1082 938 1145 Deum
979 1081 1193 1145 colere
1231 1083 1531 1145 nituntur
1566 1084 1661 1145 ita
1691 1093 1767 1146 ut
1813 1084 1881 1145 in
1929 1084 2073 1164 ipsa
2109 1085 2328 1166 specie
2374 1087 2923 1151 uestimentorum

511 1197 579 1251 et
621 1186 1090 1249 uerecundiam
1124 1193 1191 1248 et
1231 1184 1622 1267 pudicitiam
1665 1184 1861 1248 simul
1904 1186 2280 1251 ostendant.
2369 1185 2498 1250 hoc
2538 1189 2715 1252 enim
2761 1191 2927 1253 dicit

509 1291 584 1354 in
633 1289 862 1353 habitu
906 1296 1132 1352 ornato
1173 1308 1317 1350 cum
1363 1286 1745 1350 uerecundia
1788 1295 1852 1351 et
1890 1287 2225 1352 sobrietate
2247 1312 2277 1363 ,·
2324 1295 2341 1320 ‘
2364 1310 2498 1353 non
2536 1292 2661 1354 sibi
2694 1312 2733 1353 a
2770 1291 2928 1356 foris

511 1404 977 1458 ornamentum
1024 1394 1341 1475 inponere
1385 1401 1743 1475 properent
1786 1393 1881 1455 ita
1927 1402 2002 1455 ut
2045 1392 2217 1456 solet
2263 1393 2420 1470 fieri,
2468 1415 2557 1457 ex
2604 1415 2766 1458 auro
2810 1404 2927 1459 aut

408 1519 487 1568 10
514 1499 886 1581 margaritis
917 1506 1032 1560 aut
1063 1495 1245 1558 flexu
1278 1495 1556 1557 crinium
1589 1503 1707 1556 aut
1737 1495 2029 1575 pretiosa
2061 1493 2283 1559 ueste.’
2346 1499 2666 1578 quoniam
2698 1508 2923 1562 autern

510 1623 711 1685 super
767 1601 896 1663 hoc
947 1598 1389 1662 necessarium
1443 1606 1586 1660 erat
1646 1597 2003 1660 exhortare
2063 1597 2373 1662 mulieres
2434 1601 2649 1683 magis
2722 1622 2923 1684 quam

511 1708 687 1771 uiros
742 1703 1018 1770 euidens
1079 1710 1196 1766 est.
1286 1722 1444 1764 nam
1505 1701 1687 1783 quod
1744 1701 1939 1776 dixit,
1983 1712 2111 1784 per
2165 1713 2351 1784 opera
2404 1705 2583 1780 bona,
2634 1704 2727 1767 illi
2776 1705 2924 1768 loco

511 1812 802 1877 reddidit
850 1809 1029 1892 quod
1087 1808 1368 1883 dixerat,
1417 1826 1649 1869 ornare
1693 1805 1981 1887 seipsam
2044 1814 2120 1869 ut
2179 1807 2267 1869 sit
2314 1807 2567 1871 dictum
2616 1829 2750 1872 non
2801 1808 2927 1871 illis

509 1938 582 1980 se
619 1916 863 1979 debere
903 1912 1120 1975 ornari
1168 1930 1339 1993 quae
1381 1909 1680 1991 superius
1712 1918 1865 1972 sunt
1898 1920 2283 1988 memorata,
2317 1912 2433 1974 sed
2477 1911 2671 1975 bonis
2714 1913 2926 1996 operi-

407 2042 478 2108 15
511 2021 680 2097 bus;
735 2016 915 2101 quod
962 2024 1430 2078 ornamentum
1469 2013 1713 2076 decens
1758 2023 1861 2076 est
1905 2013 2033 2076 illis
2078 2014 2189 2096 qui
2234 2015 2457 2078 Deum
2512 2015 2727 2078 colere
2776 2035 2928 2097 pro-

513 2126 808 2187 mittunt.
894 2121 1064 2184 bene
1109 2119 1205 2184 illi
1249 2129 1644 2182 ornamento
1690 2119 1850 2182 bona
1895 2129 2079 2200 opera
2119 2119 2541 2196 contrasistit,
2584 2119 2927 2182 euidenter

615 2343 658 2389 1,
689 2329 718 2377 8
751 2332 928 2376 ornatu
956 2325 999 2374 C
1020 2325 1047 2351 ⁴*
1072 2342 1105 2375 r

511 2417 562 2460 et
600 2409 716 2472 (for
745 2407 816 2472 in)
859 2408 928 2457 H

512 2493 628 2557 (for
645 2507 735 2557 per
755 2506 838 2556 op.
866 2486 938 2554 b.)
963 2490 1065 2540 Hr

1183 2420 1235 2455 11
1273 2405 1523 2455 exhortari
1563 2420 1596 2453 r

583 2674 627 2707 1.
695 2655 968 2721 pudicitia]
982 2658 1357 2719 τσωφροσύνης.
1431 2656 1502 2705 So
1548 2655 1674 2705 Am·

511 2740 680 2796 brstr.,
725 2738 844 2788 here
889 2738 988 2787 and
1032 2738 1086 2787 in
1130 2755 1178 2787 v.
1223 2752 1294 2800 15.
1368 2738 1480 2787 The
1515 2738 1562 2785 V
1565 2737 1665 2801 ulg.

513 2821 607 2870 has
696 2817 1068 2874 “sobrietate‚'’
1124 2834 1156 2867 a
1219 2818 1487 2881 rendering
1545 2818 1669 2867 with

515 2899 680 2950 which
704 2900 904 2964 Jerome
939 2898 1069 2948 finds
1105 2898 1228 2947 fault
1268 2898 1404 2959 (adu.
1429 2900 1609 2963 Joue'n.
1634 2897 1670 2947 i.

517 2994 597 3045 27,
627 2981 802 3045 Migne
827 2980 886 3030 P.
908 2980 968 3028 L.
996 2994 1075 3042 23·
1097 2981 1211 3046 249)
1231 2997 1248 3039 ;
1281 2978 1345 3028 he
1365 2979 1531 3029 would
1555 2979 1669 3029 sub-

515 3064 686 3112 stitute
715 3064 744 3087 ‘⁶
760 3058 1038 3109 castitate.”
1073 3060 1180 3109 Our
1202 3046 1468 3109 translator
1489 3062 1671 3110 almost

513 3141 785 3205 uniformly
813 3150 1090 3206 represents
1120 3142 1340 3203 σώφρων,
1382 3144 1672 3203 σωφροσύνη

513 3224 584 3288 by
615 3223 848 3288 pudicus,
878 3223 1160 3287 pudicitia,·
1207 3223 1259 3271 in
1303 3223 1505 3289 dealing
1546 3224 1671 3275 with

514 3302 688 3361 σεμνός
708 3303 774 3351 he
797 3302 838 3352 is
870 3303 1072 3353 divided
1111 3304 1339 3355 between
1375 3304 1460 3354 the
1497 3305 1671 3355 claims

513 3382 574 3433 of
587 3383 805 3447 pudicus
837 3386 939 3434 and
977 3384 1177 3434 sobrius.
1256 3386 1452 3435 Ornare
1491 3386 1671 3451 seipsas

517 3466 598 3531 (cf.
639 3468 799 3531 inst-a,
848 3467 882 3516 1.
925 3465 1266 3530 ι3)εκοσμεΐν
1301 3468 1483 3518 ἑαυτάς.
1556 3469 1671 3519 The

513 3550 664 3599 Latin
719 3549 1009 3600 authorities
1061 3550 1177 3613 give
1237 3550 1520 3599 “ornantes
1563 3548 1669 3601 se.”

512 3632 581 3681 In
580 3631 743 3696 flexis
758 3630 980 3680 crim'bus
986 3643 1011 3687 ,·
1042 3628 1096 3678 in
1113 3630 1197 3679 the
1212 3637 1463 3679 comment
1483 3631 1667 3696 (infra,

512 3730 560 3780 p.
587 3729 669 3780 93,
692 3716 727 3762 l.
749 3717 816 3776 5),
845 3714 986 3762 tortis
1007 3714 1090 3762 uel
1106 3713 1270 3776 plexis⁵
1304 3713 1346 3762 is
1369 3714 1667 3765 substituted

511 3795 591 3845 sor
611 3796 782 3861 flexis.
879 3796 931 3843 Τ
922 3795 1046 3845 ortis
1079 3797 1121 3845 is
1159 3811 1190 3844 a
1228 3795 1582 3847 reminiscence
1614 3798 1675 3848 of

511 3877 598 3926 the
633 3876 780 3925 Latin
815 3877 1061 3935 versions;
1100 3876 1270 3939 plexis
1304 3874 1381 3939 (cf.
1419 3877 1504 3926 the
1539 3879 1662 3940 Gk„

511 3954 814 4018 πλέγμασιν)
855 3971 971 4019 may
1006 3956 1136 4005 have
1171 3956 1300 4005 been
1337 3956 1423 4007 the
1456 3958 1668 4023 original

510 4036 719 4101 reading
756 4036 807 4083 in
844 4052 934 4085 our
973 4043 1094 4095 text,
1131 4036 1222 4085 bnt
1259 4037 1286 4085 1
1325 4039 1482 4087 retain
1509 4039 1668 4104 flexis·

513 4117 652 4167 there
675 4116 726 4165 in
750 4116 1010 4166 deference
1027 4123 1080 4165 to
1103 4132 1195 4165 our
1219 4116 1408 4178 MSS.;
1430 4133 1668 4185 compare

493 4199 643 4264 flexu
681 4197 899 4247 crinium
925 4197 978 4258 (Ι.
1011 4200 1108 4257 ιο).
1175 4198 1480 4247 hialin-ibus
1489 4208 1658 4265 prom.

510 4282 624 4331 D.c.
639 4302 682 4322 =
693 4282 906 4341 γυναιξὶν
915 4282 1364 4341 ἐπαγγελλομέναις
1373 4282 1661 4345 θεοσέβειαν.

511 4363 577 4411 Ο.
598 4362 658 4413 L.
687 4360 788 4411 and
811 4361 959 4425 Vulg.
973 4397 985 4419 ,
1016 4361 1296 4411 “mulieres
1318 4363 1665 4427 promittentes

511 4444 788 4493 castitatem
831 4460 872 4491 s.
911 4441 1258 4509 pudicitiam.”
1325 4444 1436 4494 The
1473 4445 1662 4495 double

1381 2340 1408 2374 2
1445 2323 1641 2374 inflexis
1666 2322 1785 2387 (sor
1803 2321 1855 2371 in
1880 2321 1955 2383 fl.)
1978 2338 2012 2371 r

1284 2504 1342 2552 13
1377 2487 1502 2538 dixit
1531 2487 1616 2538 Cr
1642 2483 1652 2551 l
1682 2492 1731 2537 et
1755 2484 1873 2551 (for
1892 2486 1965 2546 ut)
1988 2501 2021 2534 r

2272 2335 2300 2385 5
2334 2324 2581 2373 dicentem
2617 2340 2649 2373 r
2896 2321 2928 2372 6

1828 2419 1885 2453 12
1920 2419 2011 2468 per
2046 2418 2199 2468 opera
2238 2404 2290 2453 in
2333 2405 2479 2453 bonis
2518 2404 2750 2469 operibus
2792 2403 2927 2454 bona

2252 2498 2310 2549 15
2344 2501 2398 2535 se
2422 2484 2769 2551 repromittunt
2792 2500 2825 2534 r

1764 2652 2165 2718 approximation
2207 2660 2261 2703 to
2301 2654 2387 2703 the
2423 2653 2526 2704 Gk.
2550 2654 2602 2703 in
2639 2668 2732 2703 our
2765 2660 2925 2702 trans-

1766 2732 1934 2782 lator’s
1956 2734 2153 2783 version
2177 2734 2279 2783 will
2302 2740 2389 2783 not
2412 2750 2592 2799 escape
2610 2733 2695 2782 the
2721 2734 2897 2783 reader
2908 2750 2924 2794 ς

1768 2816 2019 2865 Ambrstr.
2065 2816 2166 2865 and
2208 2816 2409 2879 Jerome
2451 2816 2553 2866 had
2592 2831 2724 2881 gone
2758 2832 2815 2866 so
2850 2815 2926 2865 far

1765 2912 1821 2945 as
1868 2904 1920 2945 to
1963 2897 2162 2961 replace
2211 2898 2557 2962 “pudicitiam
2573 2898 2602 2921 '’
2649 2900 2717 2963 by
2771 2900 2925 2964 “pie-

1766 2986 1937 3040 tatem,
1948 2977 1976 3001 ’⁹
1998 2980 2098 3029 and
2135 2996 2191 3029 so
2218 2980 2367 3030 Fuld.
2441 2982 2544 3030 For
2575 2970 2701 3030 decet
2730 2997 2778 3031 c.
2814 2982 2917 3031 dat.

1766 3077 1850 3111 see
1876 3058 2105 3122 Riinsch,
2123 3062 2275 3122 Itala,
2313 3078 2364 3127 p.
2394 3078 2520 3126 4393
2553 3062 2605 3110 in
2640 3062 2774 3126 Eph.
2800 3079 2847 3112 v.
2874 3079 2922 3126 3,

1766 3142 1865 3191 Tit.
1884 3142 1933 3193 ii.
1969 3158 2011 3204 1,
2040 3159 2133 3193 our
2154 3144 2419 3194 translator
2443 3144 2637 3195 follows
2668 3147 2755 3195 the
2784 3162 2925 3197 more

1764 3224 1908 3273 usual
1930 3226 2282 3275 construction.
2352 3227 2453 3275 Per
2493 3225 2617 3275 bona
2660 3236 2835 3291 operam
2866 3244 2923 3279 so

1762 3307 1915 3364 Am.;
1981 3307 2148 3366 Fuld„
2214 3308 2252 3334 ‘⁸
2268 3323 2359 3372 per
2425 3307 2612 3357 bonam
2666 3324 2925 3360 conuersa-

1764 3385 2008 3437 tionem.’'

1830 3482 1878 3531 5.
1946 3468 2149 3518 illorum
2194 3470 2410 3534 ipsorum
2453 3470 2540 3519 dit.
2595 3470 2737 3534 adia]
2814 3476 2827 3500 ⁸
2844 3472 2925 3523 To

1762 3550 1826 3599 be
1866 3550 2107 3599 attentive
2142 3558 2195 3599 to
2233 3551 2373 3601 these
2406 3552 2575 3615 points
2613 3551 2671 3601 of
2700 3554 2926 3603 outward

1764 3632 2057 3697 propriety.'
2123 3632 2198 3682 Or
2220 3632 2447 3698 possibly
2468 3634 2673 3684 illorum
2697 3634 2921 3700 ipsorum

1765 3714 1816 3774 (i.
1840 3728 1894 3777 q.
1914 3713 2127 3763 illarum
2154 3714 2561 3777 ipsarum)=sui.

1834 3810 1908 3845 ιο.
1955 3812 2073 3844 nam
2097 3796 2381 3859 quoddixit,
2408 3794 2559 3861 ‘pem’
2581 3795 2698 3858 δια]
2733 3798 2773 3847 1.
2790 3812 2836 3847 e.
2862 3796 2923 3847 δι’

1763 3877 1917 3937 ἔργων
1960 3876 2159 3937 ἀγαθῶν
2205 3876 2247 3926 is
2284 3884 2337 3926 to
2373 3877 2439 3926 be
2475 3879 2751 3929 connected
2799 3879 2921 3929 with

1763 3958 1959 4015 κοσμεῖν
2001 3958 2189 4015 ἑαυτάς,
2234 3965 2325 4007 not
2358 3958 2479 4009 with
2525 3960 2709 4021 ἐπαγ-γ.
2760 3960 2920 4009 θεοσέ-

1759 4041 1913 4101 βειαν.
1986 4039 2138 4089 Thdt.
2169 4040 2350 4105 adopts
2381 4041 2467 4090 the
2489 4040 2638 4091 latter
2672 4049 2924 4092 construc-

1760 4120 1883 4177 tion,
1914 4122 2013 4171 and
2048 4122 2091 4170 is
2118 4121 2354 4172 followed
2374 4123 2446 4187 by
2474 4122 2597 4172 Oec.
2632 4124 2789 4185 (ἔστιν
2822 4125 2923 4185 ’γὰρ

1762 4202 1840 4250 διὰ
1886 4202 2047 4263 λόγων
2092 4202 2251 4261 μόνων
2282 4200 2713 4264 ’ἐπαγγέλλεσθαι
2760 4204 2923 4253 θεοσέ-

1757 4286 1915 4345 βειαν,
1963 4285 2062 4335 τοῖς
2111 4286 2163 4333 δὲ
2210 4287 2368 4347 ἔργοις
2412 4287 2563 4345 αὐτὴν
2620 4287 2921 4349 ἀρνεῖσθαιη

1756 4367 1949 4431 Thpht.
1982 4369 2230 4417 mentions
2265 4368 2391 4418 both
2422 4368 2589 4427 views„
2629 4368 2721 4417 but
2760 4384 2923 4421 seems

1758 4456 1811 4497 to
1834 4447 1995 4513 prefer
2016 4449 2101 4499 the
2124 4448 2322 4499 former.
