3250 5025
317 402 365 465 Ι.
401 407 616 490 2-5,]
896 420 979 471 IN
1029 422 1132 471 ΕΡ.
1180 422 1282 469 AD
1327 418 2080 469 THESSALONICENSES
2130 421 2171 470 1.
2703 422 2736 485 3

431 590 701 671 gratias
726 590 990 674 agimus
1017 591 1155 655 Deo
1182 602 1427 675 semper
1436 600 1564 673 pro
1591 589 1887 654 omnibus
1916 589 2108 667 uobis,
2136 588 2513 653 memoriam
2542 590 2748 654 uestri

294 693 617 775 facientes
661 694 732 757 in
774 695 1174 759 orationibus
1217 694 1458 759 nostris
1497 694 1638 757 sine
1685 692 2168 769 intermissione,
2199 714 2504 757 memores
2541 693 2747 776 operis

293 796 468 879 fidei
493 807 744 861 uestrae
778 808 842 861 et
877 797 1122 862 laboris
1153 808 1217 861 et
1246 796 1550 861 caritatis
1586 807 1651 859 et
1678 796 2037 879 patientiae
2073 795 2209 878 spei
2244 795 2499 859 domini
2538 796 2750 860 nostri

311 896 460 961 Iesu
495 897 749 964 Christi
771 920 986 963 coram
1015 900 1153 963 Deo
1179 910 1244 963 et
1254 910 1450 983 patre
1479 910 1713 963 nostro.

445 1032 548 1091 ‘et
567 1026 835 1109 gratias
869 1027 1131 1111 (inquit)
1167 1027 1428 1111 agimus
1443 1039 1570 1112 pro
1610 1026 1804 1104 uobis,
1836 1039 1903 1092 et
1934 1028 2075 1091 sine
2108 1026 2593 1093 intermissione
2624 1051 2745 1114 pro

316 1129 508 1192 uobis
569 1148 876 1206 oramus;
946 1149 1274 1193 memores
1327 1132 1506 1194 enim
1568 1150 1797 1192 sumus
1847 1129 1960 1192 illa
2008 1150 2181 1212 quae
2231 1150 2353 1211 pro
2402 1128 2534 1191 fide
2586 1130 2746 1193 estis

315 1234 589 1317 operati,
623 1243 690 1297 et
721 1233 1017 1297 laborem
1049 1234 1233 1297 illum
1259 1254 1458 1318 quem
1492 1254 1612 1316 pro
1642 1234 1917 1297 caritate
1952 1231 2195 1296 Christi
2226 1232 2646 1307 sustinuistiS,
2677 1242 2746 1297 et

317 1338 741 1401 tolerantiam
801 1359 1001 1419 quam
1065 1338 1132 1400 in
1183 1338 1721 1402 tribulationibus
1775 1338 1933 1419 ipsis
1982 1337 2293 1419 operibus
2341 1338 2744 1413 ostendistiS,

316 1451 587 1522 propter
628 1440 740 1503 illa
775 1462 946 1524 quae
978 1451 1326 1523 sperantur
1356 1441 1547 1504 uobis
1578 1442 1813 1503 adesse
1845 1461 1964 1524 pro
1997 1440 2113 1503 illa
2143 1460 2345 1523 quam
2377 1441 2444 1504 in
2480 1441 2744 1507 Christo

316 1540 577 1604 habetis
610 1541 776 1605 fide!
864 1542 1036 1605 bene
1067 1552 1292 1606 autem
1325 1544 1569 1607 adiecit
1605 1564 1821 1606 coram
1851 1542 1990 1606 Deo
2017 1553 2082 1606 et
2096 1552 2290 1625 patre
2319 1552 2533 1607 nostro
2550 1565 2575 1621 ;
2618 1542 2745 1623 †ut

315 1640 498 1704 dicat
525 1644 842 1725 quoniam
877 1644 1153 1726 ‘placite
1187 1645 1336 1708 Deo
1374 1646 1502 1709 ista
1544 1643 1758 1707 facitis
1784 1644 1833 1721 ;’
1868 1646 1962 1709 ita
1994 1653 2068 1708 ut
2099 1644 2405 1709 uideatur
2434 1644 2601 1708 fides
2632 1646 2745 1709 illa

317 1766 488 1828 quae
520 1768 676 1830 erga
712 1747 1048 1812 Christum
1081 1758 1183 1812 est
1213 1757 1280 1812 et
1309 1748 1586 1812 affectus
1620 1748 1729 1811 ille
1762 1748 2127 1812 secundum
2163 1748 2291 1811 Dei
2329 1747 2747 1842 fieanolun-

319 1850 590 1913 tatem*
680 1861 747 1915 et
778 1851 1027 1915 docens
1057 1872 1172 1914 eos
1202 1851 1519 1935 quoniam
1553 1851 1723 1916 iuste
1755 1854 1981 1915 omnia
2012 1873 2131 1935 pro
2163 1852 2295 1916 fide
2326 1854 2655 1919 sustinent
2682 1879 2696 1919 ε

443 1975 705 2040 scientes
715 1978 982 2060 fratres
1007 1978 1226 2042 dilecti
1248 2000 1292 2041 a
1322 1978 1460 2042 Deo
1487 1978 1841 2042 electionem
1876 1988 2179 2054 uestram,
2208 1978 2513 2061 quoniam
2550 2000 2746 2043 euan-

2782 1570 2858 1616 10

306 2082 557 2164 gelium
601 2082 902 2146 nostrum
934 2104 1058 2147 non
1085 2082 1245 2164 fuit
1279 2082 1375 2145 ad
1407 2104 1521 2145 uos
1551 2081 1620 2145 in
1653 2082 1841 2146 uerbo
1871 2092 2144 2159 tantum,
2174 2082 2291 2145 sea'
2315 2081 2387 2145 in
2414 2081 2660 2147 uirtute
2686 2093 2750 2148 et
2783 2094 2851 2161 15

323 2184 585 2267 Spiritu
612 2196 829 2249 sancto
855 2196 920 2249 et
949 2184 1019 2248 in
1045 2183 1490 2267 satisfactione
1519 2184 1745 2247 multa.

454 2365 558 2431 ἵνα.
601 2366 754 2451 εἴπῃ
798 2363 902 2431 ὅτι
937 2372 952 2398 ‘
973 2365 1357 2455 ἀρέσκοντες
1395 2367 1488 2453 τῷ
1530 2365 1657 2451 θεῷ
1688 2368 1899 2430 ταῦτα
1926 2366 2211 2431 ποιεῖτε·’
2260 2364 2433 2431 ὥστε
2464 2368 2746 2449 φανῆναι

323 2467 473 2536 θεοῦ
519 2466 865 2558 ἀρέσκειαν
910 2469 1030 2552 τὴν
1081 2470 1195 2537 ἐπὶ
1245 2469 1358 2536 τὸν
1401 2468 1696 2554 Χριστὸν
1746 2469 1971 2535 πίστιν
2019 2466 2131 2535 καὶ
2182 2466 2301 2550 τὴν
2354 2466 2507 2557 περὶ
2549 2466 2746 2535 αὐτὸν

322 2570 628 2639 διάθεσιν.

427 2751 448 2786 x
486 2743 702 2786 uestram
723 2736 794 2785 H
1031 2751 1063 2800 9
1097 2743 1297 2802 sperant
1321 2752 1353 2784 r
1606 2751 1626 2784 1
1642 2750 1661 2784 1
1700 2735 1885 2800 placita
1906 2735 1932 2784 l
1952 2733 1962 2799 Ι
1992 2735 2183 2786 faciatis
2208 2752 2239 2785 r
2490 2747 2545 2798 17
2584 2731 2737 2790 Coisl.

324 2831 437 2879 204,
464 2818 499 2868 f.
529 2817 618 2868 162
636 2819 673 2868 b
697 2819 803 2882 [Cr.
831 2819 900 2868 vi.
930 2819 1049 2882 345]
1079 2820 1364 2883 ἔμπροσθεν,
1393 2820 1543 2867 κ.τ.λ.
1568 2818 1644 2867 ἵνα
1670 2820 1795 2880 εἴπῃ,
1826 2821 1977 2869 κ.τ.λ.

320 3046 366 3081 e.
382 3045 433 3095 g.
457 3031 531 3078 aa
545 3030 715 3094 Epict.
741 3029 879 3080 inim
901 3027 1178 3092 Ἐπικτήτῳ
1193 3030 1484 3080 ’Δοανάσιος
1583 3029 1647 3079 cf.
1674 2993 1835 3094 infra,
1857 3044 1901 3078 c.
1926 3029 1980 3078 ii
2010 3030 2149 3095 ¹9(?)›
2174 3030 2248 3079 iii.
2270 3045 2317 3094 9,
2354 3046 2430 3096 13.

319 3112 372 3160 ἐν
429 3110 574 3171 κυρίῳ
629 3110 830 3173 χαίρειν.
923 3111 1078 3160 Thdt.
1134 3119 1330 3176 repeats
1383 3111 1484 3160 this

319 3191 518 3244 remark
551 3193 699 3242 when
732 3195 1074 3260 commenting
1102 3210 1169 3244 on
1194 3209 1221 3243 ο
1245 3194 1422 3244 Thess.
1446 3193 1481 3243 i.
1581 3192 2057 3256 413)eitesrThOES.
2073 3193 2525 3258 ii.9(Am.‚Fu1d.)
2544 3195 2741 3246 inillus-

325 3298 390 3334 2:
423 3285 480 3334 τὸ
515 3285 567 3333 δὲ
599 3286 652 3334 ἐν
691 3277 821 3359 θεῷ
860 3275 1038 3360 ΠΑΤΡῘ
1078 3288 1228 3336 ἔοικεν
1264 3283 1336 3349 τῷ
1373 3285 1482 3350 παρ’

323 3377 458 3439 ἡμῶν
492 3379 544 3426 ἐν
575 3379 683 3427 ταῖς
715 3377 995 3428 ἐπιστολαῖς
1034 3380 1355 3441 γραφομένῳ·
1402 3379 1482 3426 καὶ

320 3457 422 3522 γὰρ
452 3456 586 3518 ἡμεῖς
619 3459 854 3517 ele-‘vonna'
887 3459 1123 3522 γράφειν·
1164 3461 1216 3510 *ὃ
1249 3461 1379 3510 δεῖνα
1411 3455 1482 3520 τῷ

323 3539 440 3587 δεῖνι
483 3539 536 3586 ἐν
581 3537 726 3600 κυρίῳ
767 3533 996 3596 χαίρειν)
1066 3535 1245 3600 Chrys.
1283 3552 1352 3586 on
1393 3537 1480 3586 the

323 3617 466 3666 other
503 3615 640 3665 hand
683 3623 923 3665 connects
968 3617 1022 3665 ἐν
1063 3617 1108 3665 θ.
1149 3633 1202 3666 π’.
1251 3616 1374 3667 with
1417 3615 1484 3680 τῇ

321 3697 557 3758 ἐκκλησίᾳ
578 3696 730 3745 Oeca-

388 3775 533 3827 Th.’s
564 3783 669 3827 text
701 3791 864 3826 seems
896 3785 949 3826 to
985 3776 1114 3826 have
1145 3777 1357 3828 omitted
1381 3774 1480 3826 ἀπὸ

323 3860 450 3918 θεοῦ,
474 3861 620 3908 tta-J..
651 3857 778 3908 aster
809 3854 998 3920 εὶρῆνης
1032 3859 1133 3908 and
1165 3875 1224 3909 so
1255 3859 1480 3924 possibly

321 3943 408 3993 the
429 3949 532 3992 text
555 3942 677 3992 used
701 3942 769 4006 by
785 3941 960 4006 ChryS.
979 3943 1080 3992 and
1093 3941 1266 4003 Thdt.‚
1287 3943 1481 3993 neither

319 4024 380 4074 of
389 4025 556 4074 whom
569 4031 844 4076 comments
856 4041 923 4074 on
942 4024 1026 4077 the
1043 4025 1223 4082 word-⁶3,
1239 4025 1480 4089 although

319 4107 440 4171 they
471 4121 557 4157 are
589 4107 908 4172 represented
939 4107 993 4156 in
1026 4107 1156 4158 their
1187 4108 1344 4160 MSS.
1378 4110 1480 4159 and

321 4188 552 4239 editions.
621 4188 734 4238 The
758 4188 822 4239 Ο.
840 4189 898 4237 L.
917 4204 1046 4252 gave
1064 4190 1150 4239 the
1171 4189 1319 4241 fuller
1334 4191 1478 4250 form,

323 4271 425 4320 and
459 4271 500 4322 it
533 4271 575 4322 is
604 4271 828 4322 retained
853 4271 904 4322 in
935 4287 1076 4324 some
1107 4271 1168 4323 of
1193 4273 1280 4323 the
1309 4279 1480 4338 purest

323 4351 480 4402 MSS.
509 4351 569 4402 of
583 4353 669 4402 the
690 4353 843 4419 Vulg.
1365 4396 1376 4412 ,

391 4449 436 4497 3.
487 4433 780 4498 patientiae]
837 4435 908 4486 So
932 4435 995 4487 Ο.
1012 4437 1108 4498 1.;
1141 4435 1318 4502 Vulg.,
1335 4439 1478 4488 susti-

321 4513 530 4565 nentiae.
574 4515 1110 4580 θρωπε-ἔμπροσθεν,
1133 4515 1306 4584 vulg„
1332 4525 1452 4568 ante
1457 4537 1479 4576 ,-

1580 3275 1766 3324 tration
1784 3275 1842 3324 of
1855 3275 1954 3324 this
1970 3275 2295 3340 irregularity.
2354 3276 2463 3327 Our
2480 3278 2744 3329 tramlator

1581 3356 1721 3407 there
1743 3356 1931 3422 prefers
1954 3357 2040 3406 the
2060 3357 2297 3422 genitive.

1652 3451 1728 3488 10.
1788 3438 1905 3488 bene
1915 3445 2080 3488 autem
2093 3440 2283 3500 adiecit,
2312 3439 2429 3503 δια]
2464 3441 2637 3505 Chrys.
2656 3443 2740 3504 (cf.

1579 3518 1797 3584 Thpht.)
1821 3519 1968 3570 offers
1990 3520 2075 3570 the
2098 3520 2391 3572 alternative
2424 3523 2483 3573 of
2508 3531 2740 3575 connect·

1579 3601 1669 3665 ing
1687 3602 1975 3664 ἔμπροσθεν,
1996 3605 2145 3652 κ.τ.λ.
2166 3603 2325 3654 either
2338 3603 2461 3654 with
2480 3604 2737 3665 μνημονεῦ-

1579 3699 1715 3732 οντες
1746 3697 1804 3732 or
1836 3683 1959 3733 with
1994 3685 2082 3732 τοῦ
2118 3684 2280 3746 ἔργου.
2348 3685 2503 3736 Thdt.
2542 3685 2739 3738 follows

1577 3763 1675 3813 Th.
1704 3763 1757 3813 in
1788 3765 2052 3830 accepting
2076 3765 2161 3817 the
2193 3767 2341 3818 latter
2371 3778 2732 3834 arrangement,

1575 3847 1669 3896 but
1692 3847 1859 3898 differs
1879 3847 2009 3898 from
2029 3848 2137 3898 him
2169 3847 2373 3913 slightly
2394 3849 2447 3898 in
2478 3849 2557 3900 his
2590 3852 2739 3902 inter-

1575 3931 1858 3996 pretation;
1892 3931 2108 3992 ἐπόπτης
2130 3932 2183 3980 δὲ
2203 3934 2384 3981 τούτων
2404 3931 2589 4000 (φησὶν)
2604 3937 2739 3986 ἐστὶν

1577 4008 1604 4062 ὁ
1648 4012 1747 4061 τῶν
1786 4011 1914 4062 ὅλων
1956 4013 2076 4064 θεὸς.
2142 4013 2289 4065 Th.’s
2331 4015 2653 4080 explanation
2698 4018 2739 4067 is

1575 4096 1803 4145 ascribed
1858 4103 1913 4146 to
1968 4096 2263 4147 Severianus
2309 4097 2643 4166 (apparently)
2686 4101 2741 4152 in

1581 4176 1829 4227 Cramer’s
1852 4183 2043 4227 catena.

1644 4265 1705 4308 ut
1737 4257 2121 4322 dz'cat...sacit‘is]
2175 4259 2327 4311 Cited
2358 4262 2427 4327 by
2462 4264 2737 4326 Lanfranc;

1578 4354 1663 4389 see
1684 4355 1764 4390 vv.
1792 4341 1846 4390 11.

1650 4433 1723 4483 15.
1795 4421 1868 4470 ad
1895 4422 2001 4485 uos]
2020 4443 2067 4466 =
2084 4425 2199 4488 πρὸς
2220 4421 2339 4485 ὑμᾶς
2368 4424 2443 4490 (ἲ),
2472 4442 2527 4477 as
2560 4427 2733 4493 Chrys.

1579 4504 1647 4552 In
1680 4503 1941 4554 κινόο--ἐν
1962 4505 2111 4568 λόγῳ.
2158 4505 2329 4570 Vulg„
2353 4509 2409 4557 in
2430 4525 2649 4558 sermone
2665 4527 2742 4560 -a

2405 4643 2565 4688 1--2

1647 3111 1696 3162 6.
1764 3129 1995 3162 memores
2089 3113 2204 3176 illa]
2239 3114 2443 3163 Ronsch
2476 3085 2649 3176 (Itala,
2689 3132 2741 3182 p.
2812 3083 2819 3090 -
