3250 5025
360 1583 436 1630 10

252 2200 431 2305 ,15

420 416 428 423 ,
450 338 579 418 246

583 524 711 589 hoc
750 522 890 609 [est
914 522 953 608 z]
1002 522 1153 588 ‘illa
1184 544 1357 608 quae
1400 522 1701 589 ueritatis
1746 530 1904 587 sunt
1949 522 2157 587 doce.’

1026 382 1029 389 -
1120 346 1580 400 THEODORUS
1626 346 2216 399 MOPSUESTENUS

2567 334 2686 419 [ΙΙ.
2723 352 2780 413 2,
2814 352 2868 417 3.

2247 520 2493 588 deinde
2539 521 2628 586 ad
2671 539 2872 604 gene-

454 626 659 691 ralem
692 626 1229 692 exhortationem
1260 627 1569 711 producit
1597 646 1792 690 suum
1824 644 2243 690 sermonem:

582 762 860 828 seniores
886 762 1133 828 sobrios
1158 784 1303 840 esse,
1321 763 1611 847 pudicos,
1632 772 1851 841 castos,
1881 782 2074 827 sanos
2103 761 2174 827 in
2185 761 2348 847 fide,
2380 760 2452 826 in
2481 760 2769 837 caritate,
2799 758 2872 824 in

440 866 785 951 patientia.

585 1002 776 1066 deest
808 1002 1078 1082 ‘doce3’
1125 1001 1270 1067 uult
1314 1002 1491 1067 enim
1539 1002 1759 1067 dicere
1811 1002 2128 1085 quoniam
2163 1000 2474 1066 ‘seniores
2501 1000 2671 1065 doce
2689 996 2874 1064 ‘--ut

456 1107 655 1186 dicat,
690 1112 707 1142 ‘
726 1128 841 1171 eos
872 1107 987 1189 qui
1021 1108 1088 1170 in
1120 1105 1399 1171 ecclesia
1440 1106 1848 1188 antiquiores
1877 1113 2036 1169 sunt
2067 1106 2309 1169 aetatis
2328 1106 2420 1153 '-—
2434 1106 2528 1169 ita
2569 1113 2644 1168 ut
2673 1102 2874 1167 sobrii
2909 1107 2921 1117 “

454 1210 589 1273 sint
642 1219 711 1275 et
758 1231 917 1294 erga
963 1211 1078 1274 illa
1126 1212 1261 1275 sint
1312 1209 1577 1275 solliciti
1625 1231 1801 1293 quae
1847 1209 1986 1273 fieri
2047 1209 2454 1275 conueniunt
2512 1206 2875 1292 pudicitiae

455 1314 654 1379 simul
699 1324 768 1379 et
812 1313 1140 1379 castitati?
1226 1333 1419 1377 sanos
1465 1312 1534 1377 in
1574 1313 1737 1397 fide,
1783 1312 1854 1377 in
1903 1313 2176 1378 caritate
2191 1336 2224 1389 ,·
2277 1311 2641 1376 secundum
2691 1307 2874 1374 illam

456 1417 841 1482 firmitatem
872 1437 1076 1500 quam
1108 1436 1343 1481 omnes
1371 1415 1619 1479 habere
1649 1424 1933 1498 oportet.

585 1589 755 1633 anus
802 1566 1116 1633 similiter
1160 1568 1229 1632 in
1280 1567 1508 1631 habitu
1554 1566 1808 1646 decenti,
1856 1588 1984 1632 non
2033 1566 2521 1647 criminatrices,
2553 1589 2678 1631 non
2723 1567 2879 1632 uino

459 1673 662 1741 multo
690 1672 960 1737 deditas.

588 1818 758 1862 anus
800 1808 1025 1864 autem
1076 1798 1225 1863 illas
1275 1798 1438 1863 dicit
1478 1820 1653 1883 quae
1695 1807 1917 1864 aetate
1961 1807 2120 1863 sunt
2163 1809 2539 1883 prouectae,
2573 1800 2765 1865 sicuti
2811 1810 2880 1866 et

460 1903 548 1968 de
606 1904 973 1968 senioribus
1036 1904 1339 1986 superius
1398 1905 1617 1983 dixit3
1691 1904 1896 1987 †non
1960 1906 2132 1969 sicut
2191 1905 2464 1990 quidam
2527 1913 2764 1981 errant,
2811 1904 2878 1967 in

461 2007 739 2073 ecclesia
772 2016 846 2072 ut
876 2008 1186 2072 mulieres
1208 2028 1380 2091 quae
1404 2017 1762 2091 prouectae
1793 2018 1948 2073 sunt
1977 2010 2218 2073 aetatis
2248 2008 2335 2074 ad
2357 2008 2565 2073 instar
2587 2009 2877 2072 uirorum

591 2204 719 2298 οὐχ
766 2206 849 2279 ὥς·
891 2234 1058 2281 τινες
1096 2207 1423 2293 ἐνόμισαν,
1466 2208 1569 2278 ’ὅτι
1606 2214 1978 2299 χειροτονία
2016 2236 2116 2281 τις
2155 2210 2241 2293 ἦν
2284 2208 2436 2277 τότε
2481 2209 2556 2295 ἐν
2583 2206 2881 2293 *γυναιξὶν

564 2424 585 2457 1
623 2414 698 2457 est
720 2422 798 2457 om
826 2408 952 2458 CH
956 2426 989 2457 r
1013 2407 1023 2473 Ι
1051 2408 1126 2458 illi
1153 2408 1231 2459 C*
1298 2410 1385 2460 ille
1406 2410 1473 2460 Η
1492 2410 1501 2477 Ι
1530 2411 1616 2476 qui
1641 2412 1684 2460 C
1692 2428 1726 2461 r
1749 2409 1758 2474 Ι
1785 2410 2008 2475 generali
2031 2410 2363 2461 exhortationi
2379 2391 2435 2459 ‘C
2447 2410 2596 2471 (corr)

1601 2490 1635 2543 6
1667 2492 1962 2559 antiquioris
1989 2493 2032 2543 C
2054 2492 2199 2555 (corr)
2221 2509 2254 2541 r

1073 2587 1133 2624 ιο
1164 2575 1350 2624 dicenti
1378 2573 1456 2624 C*
1474 2577 1541 2625 Η
1598 2583 1774 2626 sancto
1795 2593 1828 2624 r
1851 2573 1861 2639 Ι
1890 2576 2183 2625 incentrices
2207 2573 2324 2638 (for
2341 2572 2506 2638 crim.)
2525 2591 2559 2624 r

1334 2671 1411 2712 12,
1442 2670 1498 2718 ¹3
1532 2656 1689 2705 secuti
1713 2655 1823 2716 (bis)
1854 2653 1932 2704 C*

858 2749 917 2796 14
950 2734 1170 2783 melioris
1195 2732 1310 2798 (sor
1328 2734 1578 2800 mulieres)
1604 2737 1672 2784 H
1725 2736 1958 2786 meliores
1980 2752 2014 2785 r
2036 2733 2045 2800 Ι
2074 2742 2239 2784 aetate
2261 2750 2294 2783 r

460 2497 631 2540 nestos
652 2490 863 2556 pudicos
887 2488 1001 2555 (fhr
1020 2492 1142 2558 pud.
1168 2491 1351 2555 castos)
1375 2507 1407 2541 r

465 2575 581 2638 (fhr
599 2573 653 2622 in
676 2573 790 2635 [2⁰])
813 2574 883 2622 Η
894 2589 927 2622 r

463 2654 657 2703 uientes
680 2651 796 2718 (fir
814 2650 1031 2718 deditas)
1056 2669 1089 2702 r

463 2740 605 2782 erant
630 2749 661 2781 r

2729 2424 2758 2473 3
2791 2408 2880 2459 ho-

2407 2502 2434 2554 7
2469 2491 2542 2542 illi
2565 2490 2634 2541 H
2769 2492 2800 2542 8
2833 2498 2883 2542 et

2691 2588 2746 2623 11
2783 2587 2882 2622 ser·

2155 2669 2213 2716 13
2249 2661 2353 2704 erat
2379 2651 2494 2718 (for
2509 2650 2695 2716 errant)
2725 2649 2801 2702 C*
2825 2651 2896 2700 Η

2491 2747 2548 2796 15
2585 2732 2740 2783 Coisl.
2767 2747 2877 2792 204,

461 2817 497 2866 I.
517 2831 555 2865 c.
584 2815 691 2877 [Cr.
720 2813 803 2864 vii.
833 2829 911 2880 94,
942 2815 1026 2865 Fr.
1054 2815 1167 2877 158]
1202 2817 1441 2880 θεόδωρος·
1476 2819 1569 2879 οὐχ
1589 2815 1651 2867 ὥς
1671 2835 1796 2868 τινες
1817 2819 1962 2867 xer-J«.

537 2987 580 3022 1.
646 2970 823 3020 deinde
866 2970 941 3019 ad
976 2971 1273 3036 generalem,
1322 2969 1441 3036 δια]
1519 2973 1619 3023 Th.

466 3052 646 3118 begins
686 3068 721 3101 a
765 3067 879 3102 new
908 3053 1207 3117 paragraph,
1243 3053 1345 3102 and
1380 3053 1559 3118 Chrys.
1594 3069 1628 3102 a

466 3151 580 3184 new
609 3135 818 3199 homily,
846 3135 969 3185 with
997 3150 1041 3186 c.
1085 3148 1148 3186 11.
1189 3153 1235 3186 2.
1308 3137 1371 3186 In
1405 3135 1494 3186 the
1526 3136 1625 3184 Eu—

470 3217 659 3267 thalian
682 3217 927 3278 κεφάλαια
946 3233 977 3267 a
998 3218 1189 3267 similar
1214 3227 1563 3282 arrangement
1585 3218 1628 3268 is

468 3300 712 3366 adopted.
753 3300 832 3353 Cf.
861 3311 899 3349 1.
928 3315 979 3365 p.
1008 3299 1095 3363 lxi,
1122 3301 1224 3351 and
1247 3300 1407 3366 infra,
1436 3317 1486 3367 p.
1512 3313 1623 3363 254,

468 3381 507 3431 l.
538 3397 615 3445 13,
642 3386 780 3431 note.

537 3477 584 3525 3.
688 3461 873 3512 sobrios
924 3476 1035 3521 esse,
1124 3461 1244 3523 &c.]
1333 3461 1406 3512 So
1455 3461 1630 3526 nearly

476 3543 714 3604 Claram„
758 3543 851 3592 but
883 3543 1211 3609 substituting
1251 3545 1288 3570 ‘⁸
1304 3544 1579 3609 prudentes
1596 3543 1628 3566 ”

471 3625 551 3676 sor
582 3633 755 3675 castos.
818 3624 931 3675 The
954 3625 1106 3702 Vulg.
1138 3625 1368 3690 employs
1396 3625 1483 3676 the
1510 3641 1628 3676 con-

472 3709 719 3760 struction
746 3711 782 3735 ‘⁸
797 3716 852 3758 ut
874 3709 1071 3759 sobriae
1092 3707 1245 3769 sint‚’'
1270 3710 1383 3766 διο..
1418 3711 1519 3760 and
1554 3709 1632 3760 sor

472 3791 679 3842 caritate
698 3789 792 3839 has
821 3791 857 3815 ‘⁴
874 3787 1201 3839 dilectione.”

542 3889 589 3936 5.
657 3881 715 3922 ut
740 3873 887 3932 dicat,
920 3873 1021 3922 ‘eos
1048 3869 1174 3937 qm?
1197 3871 1315 3934 δια]
1381 3872 1464 3922 Cf.
1490 3885 1552 3922 11.
1580 3889 1633 3938 p.

482 3971 587 4019 151,
632 3953 670 4004 1.
710 3970 786 4014 ια,
836 3953 1005 4004 where
1048 3968 1174 4004 even
1224 3955 1547 4017 πρεσβύτερος
1592 3953 1635 4005 is

475 4039 592 4088 thus
627 4037 910 4102 explained.
983 4035 1163 4101 Chrys.
1196 4036 1298 4086 and
1334 4036 1491 4086 Thdt.
1516 4037 1636 4086 take

476 4119 564 4168 the
597 4133 734 4168 same
766 4117 921 4175 view3
956 4117 1129 4183 Pelag.
1159 4129 1296 4181 says:
1332 4117 1461 4168 “hic
1492 4133 1636 4168 senes

476 4207 683 4250 aetate
718 4207 776 4248 et
812 4198 1020 4249 ordine
1050 4200 1243 4264 possint
1272 4201 1511 4264 intellegi,
1554 4217 1632 4251 ec-

476 4281 657 4332 clesiae
676 4283 942 4346 praecipue
962 4281 1237 4334 seniores.'’
1283 4284 1384 4332 For
1408 4284 1493 4334 the
1516 4299 1633 4334 con-

476 4363 721 4413 struction
747 4363 1055 4426 antiquiores
1080 4365 1269 4424 aetatis,
1298 4364 1364 4413 cs.
1401 4365 1628 4430 Madvig,

478 4449 505 4506 ς
544 4459 639 4512 ²90
664 4462 732 4510 g;
778 4453 1035 4510 prousctae
1070 4453 1193 4495 sunt
1234 4448 1412 4496 aetatis
1455 4447 1511 4508 (l.
1554 4451 1633 4510 ¹4)

1725 2989 1890 3024 seems
1913 2979 1966 3022 to
1988 2972 2054 3022 be
2075 2971 2289 3021 another
2303 2970 2550 3036 example.

1793 3068 1842 3118 9.
1941 3069 2098 3119 quam
2144 3069 2310 3104 omnes
2360 3053 2474 3101 hab.
2531 3051 2630 3116 op]
2698 3051 2878 3116 Chrys·

1727 3137 1854 3187 adds
1873 3155 1886 3187 ε
1920 3137 2001 3186 ocal
2023 3133 2180 3186 καλῶς
2201 3138 2390 3200 εἴρηκεν
2413 3133 2506 3198 *τῆ
2526 3132 2781 3197 ὑπομονῇ·’
2803 3137 2885 3185 καὶ

1728 3219 1872 3268 τοῦτο
1892 3219 1990 3281 γὰρ
2009 3219 2228 3276 μάλιστα.
2249 3219 2348 3266 τοῖς
2369 3217 2595 3280 γέρουσιν
2621 3215 2828 3280 ἁρμόζει.

1801 3316 1876 3352 10.
1944 3302 2002 3351 in
2025 3303 2198 3351 habitu
2226 3301 2434 3362 decenti]
2468 3302 2522 3350 ἐν
2545 3299 2886 3362 καταστήματι

1729 3383 2159 3446 &purperei—the
2219 3381 2430 3447 reading
2493 3381 2553 3432 of
2601 3382 2755 3432 Thdt.
2813 3379 2889 3446 (as

1728 3464 1809 3514 his
1838 3480 2022 3514 comm.
2051 3462 2264 3528 shews);
2299 3465 2494 3528 Chrys..
2525 3464 2700 3523 Dm„
2735 3463 2884 3524 Oce„

1729 3545 1944 3613 Thpht„
2002 3547 2134 3596 have
2188 3547 2500 3608 ἱεροπρεπεῖς.
2609 3545 2883 3605 Ambrstr.,

1735 3629 1840 3679 “in
1862 3637 1996 3679 statu
2020 3629 2264 3692 religione
2297 3625 2512 3692 digno;'’
2559 3625 2735 3692 Vulg„
2785 3627 2889 3676 “in

1729 3714 1904 3764 habitu
1927 3710 2155 3763 sanct0.”
2227 3711 2623 3769 criminatrices,
2638 3725 2696 3760 so
2709 3710 2857 3759 Fuld.
2869 3727 2890 3768 ,-

1733 3797 1779 3844 A
1786 3811 1870 3854 m.,
1903 3795 1940 3819 ‘⁴
1955 3789 2348 3843 criminatores.”
2381 3791 2888 3841 Βιτίίίαεεδεδουλω-

1735 3877 1902 3936 μέναςς
1937 3875 2088 3924 Latin
2109 3873 2350 3933 versions‚
2385 3870 2760 3923 “seruientem”

1807 3972 1884 4020 13·
1949 3971 2051 4005 non
2067 3954 2196 4004 sicut
2215 3954 2424 4019 quidam
2441 3959 2631 4010 errant,
2655 3951 2774 4014 δῖα]
2807 3949 2886 4002 Cf.

1737 4039 1963 4095 Cramer,
2019 4037 2107 4086 vii.
2157 4051 2211 4100 p.
2262 4047 2352 4099 94:
2419 4033 2566 4084 ἄλλος
2617 4033 2672 4082 δέ
2725 4039 2892 4094 φησιν·

1740 4124 1756 4148 ‘
1769 4121 1948 4178 ἔδειξεν
1970 4118 2050 4168 ὅτι
2071 4121 2139 4168 εἰς
2163 4118 2338 4180 κλῆρον
2358 4117 2450 4166 τὰς
2469 4115 2701 4178 ’γυναῖκας
2735 4114 2894 4164 καλεῖ·

1735 4205 1789 4252 οὐ
1809 4205 1906 4264 γὰρ
1925 4200 1981 4250 ἂν
2004 4201 2381 4262 ἱεροπρεπεῖς
2403 4197 2575 4249 εἵνεκ’
2633 4199 2766 4246 ἀλλὰ
2786 4195 2892 4246 τοῦ-

1733 4301 1832 4333 τοις
1855 4285 2012 4345 ἔτερος
2037 4281 2384 4339 amandun&
2409 4287 2618 4342 φησιν...
2641 4295 2707 4328 on
2725 4278 2892 4328 which

1735 4365 1932 4415 follows
1977 4365 2063 4414 the
2095 4369 2286 4413 extract
2340 4362 2472 4411 from
2529 4361 2628 4411 Th.
2687 4361 2892 4425 printed

1735 4449 1911 4497 above.
1998 4447 2110 4496 The
2153 4461 2467 4509 anonymous
2506 4449 2886 4504 commentator,
