3250 5025
461 346 585 409 282
1106 362 1561 415 THEoDoRus
1610 364 2195 417 MOPSUESTENUS
2618 352 2747 437 [16,
2788 368 2880 436 17.

588 540 871 605 maxime
898 542 1077 621 milei,
1110 553 1350 626 quanto
1390 545 1605 628 magzzv
1635 545 1761 610 tibi
1793 554 1856 609 et
1883 544 1953 608 in
1983 566 2173 609 carne
2199 548 2264 609 'et
2289 544 2359 609 in
2389 544 2690 611 Dominv.

588 673 691 728 est
736 666 1007 747 quidem
1053 670 1407 735 obscurum
1454 671 1637 753 quod
1683 670 1937 734 dictum
1982 679 2083 734 est
2127 670 2215 735 ob
2253 671 2532 735 nimium
2565 692 2880 755 compen-

459 767 665 845 dium,
724 790 805 833 eo
863 772 1044 853 quod
1118 774 1463 856 apostolus
1516 794 1718 856 saepe
1771 774 2047 856 cupiens
2119 774 2343 856 aiiqua
2405 776 2881 857 compendiose

460 870 800 953 explicare
832 876 1236 940 obscuritate
1267 876 1447 941 dicta
1477 898 1599 940 sua
1630 877 1934 941 inuoluit.
2006 883 2022 910 ‘
2041 886 2254 942 testor
2297 886 2523 942 autem
2557 878 2882 943 Onesimo

396 976 777 1057 5quoniam
826 979 1029 1042 etiam
1082 982 1203 1044 tibi
1256 981 1452 1044 fuerit
1500 980 1681 1044 utilis
1701 980 1959 1064 ’—post
2014 979 2556 1045 exhortationem
2607 989 2677 1045 et
2724 1001 2883 1044 con-

460 1072 680 1141 silium
712 1082 892 1163 quod
924 1105 965 1147 a
994 1105 1068 1147 se
1098 1092 1462 1168 acceperat.
1552 1085 1704 1149 uult
1748 1086 1925 1149 enim
1973 1084 2192 1149 dicere
2236 1086 2554 1169 quoniam
2588 1086 2682 1148 ‘si
2723 1106 2883 1168 erga

462 1203 570 1246 me
614 1183 768 1248 talis
813 1187 1057 1264 extitit,
1093 1208 1307 1250 mores
1350 1207 1506 1251 suos
1544 1186 1902 1251 demutans
1945 1187 2042 1251 ita
2082 1196 2157 1251 ut
2202 1196 2446 1270 sponte
2476 1188 2686 1252 uellet
2720 1189 2880 1252 mihi

461 1306 663 1351 omne
706 1290 1100 1373 obsequium
1140 1291 1379 1355 seruile
1424 1292 1778 1375 praebere;
1821 1291 2393 1375 quemadmodum
2443 1310 2577 1354 non
2622 1312 2781 1373 erga
2810 1300 2879 1355 te

463 1390 678 1454 multo
738 1394 951 1477 magis
1009 1396 1133 1459 erit
1190 1395 1359 1471 talis,
1421 1396 1527 1458 cui
1577 1404 1648 1459 et
1697 1404 1970 1478 propter
2022 1394 2225 1459 fidem
2279 1404 2518 1477 utpote
2579 1394 2882 1458 studioso

358 1504 438 1552 10
461 1496 729 1576 pietatis
780 1498 1125 1563 caritatem
1172 1500 1547 1582 persoluere
1593 1500 1811 1576 debet,
1868 1508 1935 1563 et
1983 1500 2154 1563 sicut
2203 1500 2480 1563 domino
2531 1499 2876 1562 seruitium

460 1618 611 1661 cum
666 1601 850 1662 omni
894 1600 1210 1667 exhibere
1256 1602 1615 1667 fidelitate.’
1704 1604 1868 1668 haec
1913 1604 2092 1667 enim
2139 1604 2302 1668 dicit
2349 1603 2420 1667 in
2463 1624 2655 1666 came
2705 1621 2879 1685 quae

460 1705 478 1733 ‘
500 1703 867 1766 secundum
900 1704 1440 1787 dispositionem.'
1530 1711 1832 1770 ‘carnem
1855 1704 1870 1730 '
1903 1727 2063 1769 uero
2095 1705 2473 1789 frequenter
2511 1704 2881 1789 apostolica

460 1802 641 1866 dicta
671 1803 1180 1888 interpretantes
1210 1807 1746 1891 significauimus,
1770 1808 1927 1891 quia
1957 1816 2208 1872 statum
2240 1810 2417 1873 hunc
2441 1807 2880 1891 temporalem

462 1906 577 1987 qui
610 1907 678 1969 in
708 1917 1057 1989 praesente
1088 1910 1226 1974 uita
1256 1909 1541 1974 habetur
1569 1911 1665 1973 sic
1695 1912 1867 1975 solet
1899 1931 2302 1994 nuncupare.

358 2054 385 2100 1
398 2049 431 2117 5
591 2041 661 2105 si
681 2064 828 2125 ergo
852 2065 951 2108 me
976 2043 1168 2110 habes
1194 2046 1451 2122 socium,
1485 2046 1683 2130 recipe
1712 2048 1902 2111 illum
1931 2046 2102 2111 sicut
2131 2067 2243 2112 me.

594 2182 795 2245 super
838 2165 1149 2230 omnibus
1201 2166 1394 2230 dictis
1441 2166 1570 2234 hoc
1613 2168 1724 2232 uel
1774 2166 2069 2230 maxime
2109 2166 2292 2229 dicto
2333 2166 2780 2248 persuadebat
2820 2168 2881 2230 ei

464 2285 547 2328 eo
585 2268 766 2349 quod
814 2268 874 2332 ei
907 2268 1201 2347 decebat,
1235 2279 1309 2334 ut
1354 2271 1443 2335 ob
1487 2291 1914 2336 communem
1949 2269 2150 2333 fidem
2196 2270 2505 2333 uniuersa
2541 2290 2716 2352 quae
2759 2271 2883 2334 sibi

464 2370 712 2435 adsunt
756 2375 1137 2438 communia
1178 2395 1325 2439 esse
1360 2378 1672 2441 omnibus
1719 2374 2024 2439 fidelibus
2069 2383 2421 2456 reputaret.
2512 2374 2692 2456 quod
2725 2395 2884 2457 prae

464 2473 699 2538 ceteris
745 2474 947 2541 etiam
994 2476 1118 2542 sibi
1158 2486 1393 2562 utpote
1438 2478 1878 2563 praedicatori
1925 2486 1992 2542 et
2033 2476 2289 2542 doctori
2320 2477 2714 2560 dogmatum
2746 2477 2882 2561 pie-

353 2597 440 2644 20
467 2579 625 2642 tatis
656 2579 785 2642 Dei
815 2580 954 2644 ueri
986 2581 1434 2646 existimabat.
1527 2584 1618 2646 ‘si
1667 2580 1938 2666 (inquit)
1971 2582 2427 2644 communicas
2459 2579 2621 2644 mihi
2652 2601 2882 2645 secun-

466 2681 629 2744 dum
676 2680 877 2746 fidem
917 2690 986 2746 et
1017 2684 1101 2747 ad
1133 2684 1405 2767 plenum
1438 2687 1788 2750 existimas
1829 2685 2022 2748 nobis
2051 2686 2280 2749 omnia
2309 2705 2455 2748 esse
2484 2687 2881 2763 communia,

470 2784 687 2867 recipe
733 2795 800 2849 et
844 2786 1021 2850 hunc
1081 2796 1358 2870 propter
1388 2790 1536 2854 me.’
1628 2810 1762 2853 non
1822 2789 1950 2854 hoc
1995 2790 2158 2854 dicit
2210 2798 2287 2853 ut
2333 2789 2400 2852 in
2450 2791 2682 2855 ordine
2732 2812 2884 2855 eum

567 2954 597 3002 3
630 2953 684 2987 se
706 2937 913 3003 cupiens
940 2940 985 2989 C
1176 2952 1203 3001 5
1240 2943 1337 2992 sibi
1361 2944 1477 3008 (for
1495 2945 1609 3004 tibi)
1640 2945 1685 2994 C
1887 2944 1920 2995 6
1952 2943 2199 3008 acciperet
2227 2944 2272 2993 C
2479 2960 2511 3011 9
2544 2945 2764 2995 studiose
2785 2946 2854 2995 H
2861 2961 2892 2994 r

474 3036 527 3071 11
578 3027 652 3070 est
688 3017 785 3084 (ast
816 3019 963 3086 quae)
997 3021 1103 3071 add
1117 3037 1150 3072 r
1384 3041 1439 3077 ια
1488 3035 1629 3077 erant
1669 3026 1766 3092 (afl
1797 3026 2008 3092 dispos.)
2041 3027 2147 3075 add
2179 3026 2224 3075 C
2257 3023 2406 3090 (corr)
2435 3032 2444 3091 Ι
2475 3027 2600 3092 freq.
2633 3043 2754 3077 uero
2782 3043 2889 3077 car·

467 3117 585 3151 nem
620 3118 655 3150 r
872 3117 929 3166 13
964 3103 1295 3168 signifiuimus
1332 3105 1439 3170 (sic)
1480 3107 1549 3156 H
1772 3124 1830 3170 14
1863 3107 2114 3173 praesenti
2155 3123 2188 3157 r
2250 3109 2534 3172 praesentia
2575 3107 2668 3172 (om
2709 3107 2832 3174 uita)
2869 3110 2894 3158 l

475 3197 531 3247 17
567 3190 617 3234 et
652 3185 789 3249 quod
823 3186 1063 3237 edecebat
1097 3185 1204 3253 (sic)
1245 3188 1290 3238 C
1387 3195 1438 3240 et
1472 3190 1609 3254 quod
1642 3190 1874 3240 edicebat
1897 3191 1966 3238 H
1975 3207 1990 3240 ε
2038 3195 2120 3238 txt
2148 3189 2274 3254 conj.
2305 3189 2456 3238 Pitra
2481 3187 2490 3254 Ι
2519 3189 2619 3240 hoc
2658 3188 2772 3254 (sor
2801 3188 2887 3254 ob)

475 3265 553 3316 C*
576 3267 645 3316 H
688 3268 753 3317 ad
784 3282 817 3317 r
1061 3272 1119 3320 18
1152 3277 1383 3335 reputare
1419 3270 1497 3322 C*
1520 3271 1589 3321 H
1655 3277 1968 3336 reputaretur
2003 3283 2060 3320 r:
2108 3275 2192 3319 txt
2229 3270 2273 3321 C
2309 3268 2456 3334 (corr)
2667 3285 2734 3322 20
2765 3273 2891 3323 mihi

468 3363 547 3397 om
571 3363 605 3398 r
813 3365 874 3399 ἠ
910 3356 960 3400 et
982 3367 1059 3400 om
1081 3352 1150 3401 H

538 3495 583 3531 α.
639 3481 1017 3534 obscumm...ob
1054 3483 1273 3535 nimium
1310 3485 1487 3550 comp]
1544 3485 1628 3536 Cf.
1801 3497 1879 3549 15.
1936 3484 2110 3550 recipe]
2186 3483 2358 3550 Vulg.,
2421 3483 2666 3548 “suscipe
2683 3481 2740 3544 ;”
2807 3499 2892 3534 see

472 3575 509 3613 1.
539 3580 588 3628 p.
622 3576 728 3628 155,
752 3565 783 3614 1.
820 3581 862 3615 1.
1729 3569 1906 3625 above,
1932 3584 1982 3633 p.
2005 3567 2116 3628 278,
2136 3566 2168 3616 1.
2200 3581 2271 3629 14„
2297 3572 2432 3616 note.
2504 3565 2740 3623 Claram„
2764 3565 2890 3614 Am-

536 3664 585 3709 4.
659 3652 806 3696 testor
840 3647 1085 3711 onesimo]
1139 3648 1181 3698 1.
1198 3663 1249 3713 q.
1289 3649 1629 3699 testimonium
1731 3647 1899 3709 brstr.‚
1929 3643 2232 3696 “adsume”

472 3727 711 3791 perhibeo
746 3727 988 3779 Onesimo
1023 3727 1263 3794 (μαρτυρῶ
1301 3733 1355 3781 δὲ
1391 3731 1462 3794 τῷ
1494 3729 1630 3791 Ὀνη-
1803 3727 1877 3779 16.
1936 3735 2082 3792 super
2099 3726 2561 3791 omnibusl=snper
2581 3726 2766 3777 omnia.

472 3809 633 3871 σῐμῳ).
1799 3826 1880 3861 22.
1937 3825 2040 3859 non
2075 3809 2160 3859 hoc
2193 3809 2326 3868 dic-it,
2370 3808 2489 3870 &c.]
2563 3807 2664 3858 Le.
2705 3808 2768 3859 ὡς
2809 3809 2896 3869 ἐμέ

543 3907 615 3942 12.
678 3893 945 3943 secundum
975 3893 1361 3959 dispositionem]
1428 3893 1530 3943 κατ’
1565 3895 1630 3944 οἱ·
1733 3899 1866 3942 must
1887 3899 1976 3942 not
1998 3892 2064 3941 be
2092 3889 2245 3941 taken
2277 3897 2332 3941 to
2365 3905 2513 3940 mean
2547 3893 2562 3918 ⁸
2579 3891 2755 3955 reg-ard
2787 3890 2894 3940 him

472 3975 711 4034 κονομίαν.
772 3974 852 4026 Cf.
878 3976 1065 4038 Suieer‚
1092 3991 1197 4026 sav.
1222 3977 1463 4036 οἰκονομία
1488 3975 1614 4042 (11.).
1735 3991 1791 4025 as
1829 3989 1915 4038 my
1953 3973 2138 4038 equal‚’
2181 3972 2274 4022 but
2317 3979 2450 4021 must
2493 3971 2560 4021 be
2601 3973 2796 4022 treated
2839 3987 2896 4022 as

542 4072 618 4120 13·
668 4063 855 4107 statum
878 4059 1012 4108 hunc
1028 4059 1634 4123 tenmoralem...habetur]
1735 4055 1962 4120 nearly:
1975 4054 2036 4104 δι’
2075 4055 2178 4114 ἐμέ,
2212 4070 2272 4104 or
2315 4069 2371 4104 as
2408 4069 2440 4103 a
2478 4055 2746 4105 shortened
2785 4069 2898 4119 way

474 4137 623 4189 Cited
666 4140 736 4202 by
772 4140 1053 4198 Lanfrancz
1110 4157 1193 4192 see
1230 4141 1386 4190 vv.11.
1466 4140 1547 4191 Cf.
1593 4155 1632 4191 1.
1734 4138 1796 4188 of
1808 4137 2008 4203 writing
2031 4138 2092 4188 ὡς
2117 4136 2219 4198 ἐγώ
2246 4135 2645 4201 προσελαβόμην.
2714 4137 2894 4200 Comp-

473 4236 561 4285 pp.
587 4234 666 4283 35,
690 4220 723 4272 1.
760 4235 833 4279 ια.
860 4224 939 4285 85,
962 4223 996 4272 1.
1023 4225 1070 4283 8,
1098 4237 1177 4288 94,
1203 4223 1237 4272 l.
1268 4237 1314 4286 5,
1335 4232 1497 4273 notes.
1562 4223 1636 4274 So
1735 4219 1944 4269 Cramer
1965 4218 2050 4267 vii.
2083 4233 2172 4284 109
2195 4237 2207 4268 :
2241 4219 2387 4267 τοῦτο
2413 4215 2496 4266 οὖν
2522 4218 2690 4278 φησίν·
2727 4218 2802 4266 ‘el
2831 4216 2900 4267 τδ

473 4301 665 4366 Thpht.
688 4301 763 4351 ad
776 4303 825 4351 Ιι.
842 4303 903 4352 L:
939 4309 952 4331 ⁸
971 4306 1049 4352 καὶ
1072 4306 1123 4354 ἐν
1151 4302 1327 4365 σαρκί·’
1360 4303 1625 4363 τουτέστιν,
1733 4295 1859 4348 αὖτέ
1878 4317 1961 4358 μοι
1981 4301 2522 4362 φρονεῖς...προσλαβοΰ
2549 4295 2694 4348 αὐτὸν
2721 4297 2784 4349 ὡς
2816 4300 2898 4348 καὶ

476 4381 554 4432 καὶ
576 4385 629 4431 ἐν
649 4383 753 4432 ταῖς
777 4386 1020 4443 κωμικαῖς
1042 4382 1322 4446 ὑπηρεσίαις
1350 4382 1484 4445 ἄξιον
1514 4383 1630 4447 ἀγα·
1733 4383 1853 4442 ἐγώ
1878 4382 1986 4444 [the
2021 4397 2207 4432 comm.
2244 4381 2304 4432 of
2336 4381 2517 4445 Chrys.
2554 4380 2764 4438 altered,
2788 4397 2895 4446 per·

476 4463 681 4512 πᾶσθαι.
1734 4467 1860 4530 haps
1897 4465 1962 4528 by
1999 4465 2150 4529 being
2189 4463 2510 4516 harmonized
2551 4462 2674 4513 with
2711 4463 2757 4512 T
2758 4463 2896 4526 h.’s].
