3250 5025
503 399 526 446 1
544 385 625 464 56
1165 395 1623 447 TI-IEODORUS
1672 391 2261 444 MOPSUESTENUS

2624 375 2730 460 [V.
2770 389 2822 456 5,
2854 375 2913 438 6.

489 569 892 651 properabat
965 571 1143 633 enim
1204 571 1441 634 docere
1501 569 1821 652 quoniam
1884 567 2035 630 illae
2094 565 2277 629 solae
2330 563 2581 628 debent
2642 573 2915 646 sumptu

491 675 940 739 ecclesiastico
972 673 1220 748 nutriri,
1259 693 1431 756 quae
1462 672 1735 736 aliunde
1774 669 2163 734 alimoniam
2188 669 2434 731 habere
2459 668 2732 731 minime
2764 688 2917 749 pos-

492 780 641 842 sint.
688 781 744 842 si
777 779 974 861 igitur
1003 779 1208 841 uidua
1239 777 1411 840 filios
1441 785 1558 839 aut
1589 785 1867 857 nepotes
1889 772 2110 848 habet,
2144 773 2408 835 discant
2442 771 2534 835 illi
2567 773 2680 854 qui
2714 793 2804 835 ex
2835 793 2915 835 ea

493 881 632 944 nati
676 891 832 946 sunt
871 882 1046 945 alere
1079 890 1373 942 matrem
1417 880 1557 941 siue
1601 877 1822 940 auiam
1849 873 1909 953 ;*
1956 875 2113 957 quia
2150 874 2277 937 hoc
2325 875 2538 957 tnagis
2590 875 2913 956 placitum

431 995 594 1069 5est
643 987 791 1049 Deo
836 995 911 1050 ut
955 985 1041 1048 ab
1087 984 1214 1048 illis
1259 985 1651 1058 nutriantur,
1691 991 1758 1044 et
1813 1001 1947 1043 non
1997 979 2515 1043 ecclesiasticum
2571 979 2916 1061 indigeant

493 1088 822 1152 solatium.
913 1070 1155 1151 deinde
1215 1088 1377 1150 dicit
1436 1087 1522 1149 de
1583 1085 1714 1147 illis
1772 1083 1993 1147 uiduis
2053 1103 2223 1164 quas
2275 1103 2428 1145 uere
2483 1082 2720 1146 uiduas
2769 1102 2915 1144 esse

494 1194 858 1271 existimat,
891 1195 1119 1258 dicens
1149 1215 1162 1256 ;

626 1383 790 1443 quae
843 1374 1061 1427 autem
1121 1383 1268 1425 uere
1325 1359 1532 1424 uidua
1590 1369 1687 1422 est
1740 1368 1803 1422 et
1860 1355 2164 1433 desolata,
2206 1365 2419 1438 speret·
2461 1353 2532 1418 in
2585 1353 2803 1418 Deum
2855 1363 2920 1416 et

481 1475 868 1545 permaneat
897 1467 966 1528 in
995 1466 1282 1529 oratione
1309 1475 1372 1527 et
1399 1463 1827 1547 deprecatione
1856 1471 2027 1525 nocte
2054 1470 2119 1525 et
2146 1460 2265 1524 die.

395 1626 473 1673 10
627 1604 902 1667 euidens
933 1612 1036 1668 est
1066 1605 1246 1686 quod
1290 1625 1517 1667 ueram
1560 1605 1833 1667 uiduam
1877 1604 2138 1667 duobus
2184 1602 2271 1665 ab
2314 1600 2531 1664 causis
2578 1598 2917 1662 ecclesias-

498 1705 632 1768 tico
681 1716 952 1788 sumptu
996 1705 1143 1770 uult
1191 1707 1461 1785 nutriri3
1509 1726 1739 1782 unum,
1786 1715 1861 1768 ut
1902 1714 1970 1768 et
2019 1705 2313 1768 moribus
2361 1703 2447 1766 sit
2504 1703 2811 1766 ordinata
2850 1710 2919 1766 et

495 1811 852 1873 uirtutibus
901 1810 1257 1873 inlustrata
1285 1830 1300 1887 ;
1364 1810 1667 1884 alterum,
1728 1829 1809 1871 eo
1869 1810 2048 1891 quod
2104 1810 2189 1872 ad
2254 1808 2527 1890 plenum
2582 1810 2917 1873 neminem

497 1914 761 1976 uidetur
811 1913 1056 1977 habere
1109 1915 1222 1996 qui
1283 1914 1701 1996 diligentiam
1763 1914 1824 1976 ei
1884 1913 2220 1977 adhibeat.
2310 1911 2473 1976 haec
2533 1921 2757 1976 autern
2820 1922 2922 1976 est

497 2037 642 2080 uere
685 2017 907 2092 uidua,
962 2037 1134 2099 quae
1187 2017 1637 2099 propinquum
1686 2037 1825 2080 non.
1870 2015 2075 2080 habet
2120 2025 2186 2079 et
2233 2037 2351 2099 per
2396 2036 2595 2079 omne
2652 2025 2921 2099 tempus

396 2143 466 2209 15
498 2123 678 2185 uitae
709 2143 868 2186 suae
901 2122 1058 2186 solis
1090 2131 1286 2186 uacat
1317 2122 1748 2188 orationibus

628 2305 790 2367 quae
817 2293 1032 2347 autem
1064 2283 1134 2347 in
1165 2282 1413 2346 deliciis·
1455 2291 1563 2358 est,
1596 2281 1760 2344 uiua
1802 2290 2064 2344 mortua
2094 2289 2209 2344 est.

631 2419 720 2483 ‘si
761 2421 983 2503 aliqua
1020 2421 1267 2483 amisso
1308 2420 1451 2483 uiro
1493 2421 1560 2482 in
1599 2419 1927 2482 uiduitate
1969 2437 2039 2480 se
2076 2416 2425 2499 persistere
2474 2415 2806 2498 promittit
2856 2423 2925 2478 et

499 2526 882 2589 deliciosam
925 2536 1194 2589 exercet
1234 2526 1464 2602 uitam,
1499 2534 1763 2587 mortua
1803 2532 1905 2586 est
1944 2522 2156 2604 magis
2184 2542 2388 2604 quam
2435 2522 2612 2601 uiua,
2656 2521 2811 2584 licet
2865 2519 2921 2581 si

500 2710 727 2797 χῆραι.
823 2706 1090 2777 -σκοπός
1137 2706 1267 2794 «γὰρ
1308 2706 1488 2793 αὐτῷ
1540 2704 1802 2789 διδάξαι
1849 2702 1955 2770 ὅτι
2006 2705 2249 2769 ἐκεῖναι
2289 2700 2488 2785 μόναι
2529 2706 2644 2782 τῆς
2690 2704 2926 2783 ἐκκλη-

391 2828 476 2873 20
503 2812 856 2889 σιαστικῆς
894 2808 1269 2892 ἐπιμελείας
1311 2807 1666 2892 ἀξιοῦσθαι
1702 2805 2114 2894 ὀφείλουσιν,
2146 2804 2251 2875 αῖς
2290 2804 2498 2875 οὐδεὶς
2542 2804 2927 2888 κηδεμονίας

503 2910 814 2999 ἑτέρωθεν
849 2908 1336 2978 ὑπολέλειπται
1375 2909 1636 2996 τρόπος.
1738 2907 1856 2974 ἐὰν
1885 2908 2107 2973 τοίνυν
2140 2906 2401 2993 (φησὶν)
2444 2906 2488 2991 ᾖ
2517 2906 2699 2997 χήρα
2727 2906 2927 2973 τέκνα

1818 3009 1834 3033 C
1896 3010 1913 3032 ἳ
1971 3009 1988 3032 ’
2046 3010 2063 3035 ἳ

502 3116 774 3183 λεῖσθαι
819 3118 933 3197 τῆς
975 3114 1221 3203 μητρὸς
1264 3116 1412 3198 ἦτοι
1455 3118 1574 3197 τῆς
1615 3113 1905 3199 μάμμης.

606 3296 626 3329 1
666 3280 752 3329 ille
774 3278 881 3329 sole
919 3278 997 3329 C*
1024 3278 1093 3328 H
1257 3296 1286 3344 3
1320 3287 1406 3329 aut
1433 3278 1541 3343 (bes
1552 3278 1643 3340 fil.)
1666 3277 1779 3327 add
1792 3278 1837 3327 C
1855 3294 1889 3326 r
2051 3291 2078 3341 5
2114 3276 2396 3326 nutrientur
2422 3274 2497 3326 C*
2530 3273 2539 3341 Ι
2569 3276 2923 3335 ecclesiastico.

501 3363 683 3413 solatio
704 3380 738 3412 r
1007 3364 1037 3411 8
1071 3370 1237 3427 sperat
1261 3380 1293 3411 r
1551 3378 1582 3427 9
1618 3363 1769 3411 instat
1792 3361 2219 3410 obsecrationibus
2240 3367 2291 3411 et
2313 3359 2620 3411 orationibus
2642 3376 2675 3409 r
2698 3359 2705 3425 Ι
2736 3376 2795 3410 ac
2818 3358 2933 3425 (sor

502 3452 554 3494 et
576 3442 690 3507 [2⁰J)
716 3461 749 3493 r
937 3460 997 3495 ιο
1029 3445 1225 3494 duobus
1247 3446 1315 3493 ob
1337 3461 1391 3494 ε.
1408 3444 1558 3494 C*H
1611 3443 1807 3493 duabus
1830 3444 1898 3492 ob
1920 3459 1965 3492 c.
1995 3443 2039 3491 C
2058 3444 2209 3504 (corr)
2274 3441 2470 3491 duabus
2493 3458 2554 3491 ex
2576 3458 2622 3493 c.
2647 3458 2682 3492 r
2867 3456 2926 3506 14

503 3543 622 3577 uera
643 3527 714 3576 H
903 3529 961 3577 18
995 3526 1088 3576 etsi
1112 3526 1227 3590 (sor
1245 3526 1287 3575 si
1310 3529 1380 3588 et)
1404 3526 1473 3575 Η

502 3660 610 3719 μεῖν
631 3658 817 3719 μητέρα
839 3656 870 3719 ἢ
893 3658 1106 3718 μάμμην,
1139 3657 1372 3721 Thpht.].
1441 3662 1454 3685 ⁸
1471 3659 1550 3706 καὶ
1566 3658 1666 3708 τοῖς
1768 3651 2141 3715 (“orationi’');
2172 3654 2345 3717 vulg„
2370 3646 2847 3704 “observationibus
2877 3664 2927 3705 et

505 3741 789 3806 rpoayhmsss
815 3744 1067 3792 τουτέστιν
1117 3742 1183 3801 τῇ
1215 3742 1402 3803 μάμμῃ.
1466 3742 1664 3803 προστί-
1765 3735 2127 3787 orationibus-'⁸
2227 3735 2339 3785 'Hie
2392 3751 2577 3785 comm.
2632 3736 2795 3786 shews
2860 3753 2927 3786 no

506 3828 646 3885 θησιν
669 3826 748 3873 καὶ
769 3824 1023 3885 λογισμόν·
1069 3827 1082 3850 ⁸
1101 3820 1174 3871 ὅτι
1194 3825 1274 3870 καὶ
1295 3822 1366 3883 τῷ
1401 3822 1496 3881 θεῷ’
1523 3824 1666 3870 τοῦτο
1767 3826 1901 3867 trace
1925 3818 1983 3867 of
2009 3817 2169 3867 either
2190 3816 2250 3865 of
2276 3816 2361 3865 the
2394 3816 2730 3882 peculiarities
2764 3818 2929 3867 which

507 3903 811 3954 ἀποδεκτόν]
878 3904 1130 3953 Lansranc
1153 3904 1276 3953 cites
1298 3903 1356 3951 de
1363 3904 1513 3967 filiae,
1538 3905 1629 3954 &c-
1765 3901 1896 3950 have
1916 3900 2074 3950 found
2098 3901 2227 3949 their
2250 3914 2360 3962 way
2382 3899 2491 3949 into
2520 3899 2605 3949 the
2632 3900 2929 3949 translation

573 4002 620 4036 α.
700 3986 1020 4047 alimoniam]
1075 3986 1294 4045 Ronsch,
1323 3987 1475 4045 Itala,
1501 4002 1548 4049 p.
1583 3988 1663 4035 28.

572 4071 619 4117 8.
707 4074 874 4131 speret,
942 4068 1258 4131 permaneat]
1355 4068 1427 4118 So
1482 4068 1661 4117 Ambr.

509 4148 565 4212 (⁸⁸
584 4158 766 4213 speret,
791 4147 1023 4209 instet”)‚
1042 4149 1141 4198 and
1167 4148 1336 4199 Sedul.
1360 4148 1496 4197 Scot‘
1527 4148 1667 4211 (⁸⁴in-

507 4238 602 4279 stet
623 4230 697 4290 ’');
723 4230 990 4289 Ambrstr.,
1025 4232 1061 4257 “
1078 4238 1260 4295 sperat,
1289 4228 1662 4294 instat,”Aug.,

507 4311 794 4374 “sperauit,
839 4310 1114 4375 persistit‚”
1157 4312 1324 4375 Vulg„
1376 4314 1406 4338 ‘⁸
1427 4312 1662 4375 sperauit,

507 4390 714 4441 instat.'’
779 4393 846 4441 In
869 4392 1088 4441 oratione
1114 4400 1162 4440 et
1191 4393 1324 4455 depr.
1353 4394 1477 4449 (ταῖς
1501 4390 1667 4450 δεήσε-

507 4491 586 4524 σιν
611 4475 690 4521 καὶ
712 4475 813 4523 ταῖς
839 4475 1170 4536 προσευχαῖς).
1231 4474 1300 4521 So
1325 4472 1498 4523 Sedul.
1525 4474 1664 4523 Scot.

1766 3982 1826 4031 of
1842 3982 1928 4031 the
1953 3989 2091 4041 text;
2127 3980 2193 4029 cf.
2230 3980 2393 4044 infra,
2416 3980 2471 4027 ll.
2502 3994 2578 4043 14,
2609 3992 2685 4040 15.

1838 4078 1912 4114 10.
1982 4064 2170 4113 duobus
2190 4064 2252 4112 ab
2272 4062 2457 4124 causis]
2524 4064 2746 4124 Ronsch,
2775 4065 2929 4122 Itala,

1807 4182 1820 4194 .
1849 4162 1873 4195 2
1947 4180 1960 4194 .

1768 4162 1803 4212 p
1841 4159 1941 4279 16⁷.⁷
1983 4244 2111 4294 quae
2130 4228 2317 4290 autem]
2354 4228 2425 4279 So
2446 4228 2511 4279 Ο.
2540 4229 2621 4289 L.,
2648 4227 2775 4278 after
2797 4228 2925 4289 Gk.;

1771 4309 2038 4367 Ambrstr.,
2066 4309 2238 4373 Vulg„
2273 4312 2439 4359 “nam
2462 4324 2605 4374 quae.
2617 4306 2645 4329 ”
2682 4310 2783 4359 For
2801 4312 2929 4359 uiua

1772 4391 1961 4451 (ζῶσα),
1998 4392 2083 4440 the
2118 4392 2267 4441 Latin
2301 4394 2525 4443 versions
2559 4408 2701 4443 more
2735 4394 2932 4459 exactly

1767 4476 1946 4525 render
1970 4480 1982 4502 ‘
1994 4477 2007 4502 ‘
2026 4474 2257 4527 m‘uens.”
