3250 5025
516 366 636 427 118
1177 373 1631 427 Tnsononus
1680 374 2267 428 MOPSUESTENUS
2680 361 2839 446 [III.
2872 365 2933 428 8.

509 550 786 614 beatum
823 547 1102 612 Paulum
1134 547 1562 631 presbyteros
1603 547 2146 630 praetermisisse.
2238 547 2357 612 sed
2401 568 2533 612 non
2581 548 2677 612 ita
2722 569 2797 612 se
2826 569 2933 612 res

510 654 757 733 habet3
804 650 915 716 illa
959 652 1135 715 enim
1179 671 1351 734 quae
1396 651 1482 715 de
1523 651 1841 734 episcopo
1879 651 1946 714 in
1990 651 2435 715 anterioribus
2482 651 2677 728 dixit,
2724 652 2931 716 etiam

513 770 582 824 et
621 760 707 825 de
747 758 877 823 illis
917 757 1082 821 dicit
1125 756 1237 839 qui
1280 776 1455 819 nunc
1495 756 1928 818 nominantur
1958 756 2349 838 presbyteri,
2383 775 2463 819 eo
2496 757 2676 838 quod
2708 752 2933 836 †anti-

514 864 662 946 quis
706 860 1119 945 temporibus
1166 862 1463 943 utrisque
1501 859 1605 923 his
1646 860 2029 924 nominibus
2074 860 2494 924 uocabantur
2540 860 2929 943 presbyteri.

451 975 585 1046 set
639 965 769 1029 hoc
834 965 1219 1028 notauimus
1283 962 1374 1046 [in
1426 963 1783 1046 epistolam
1839 962 1951 1046 ad]
2008 963 2470 1046 Philippenses
2524 963 2886 1027 scribentes
2912 985 2929 1043 ;

528 1069 594 1133 in
657 1089 738 1132 ea
800 1066 1089 1151 epistola
1143 1067 1438 1130 scribens
1491 1065 1841 1149 apostolus
1891 1066 2255 1148 coepiscopis
2304 1075 2368 1130 et
2416 1067 2941 1158 cumdz'aconz'bus

515 1172 710 1239 dixit.
798 1172 1074 1236 euidens
1133 1171 1290 1254 quia
1349 1191 1484 1234 non
1544 1180 1690 1235 erat
1744 1172 2061 1254 possibile
2108 1180 2183 1235 ut
2238 1171 2430 1236 multi
2482 1181 2707 1236 essent
2757 1173 2933 1254 epis-

517 1277 668 1360 copi
746 1277 814 1340 in
871 1296 1006 1340 una
1066 1275 1360 1338 ciuitate.
1451 1273 1689 1337 melius
1745 1283 1972 1337 autem
2026 1275 2180 1357 quis
2238 1294 2640 1357 cognoscere
2689 1277 2934 1357 poterit

515 1379 681 1445 illud
731 1400 820 1444 ex
870 1381 998 1443 illis
1050 1398 1221 1462 quae
1266 1379 1353 1441 ad
1404 1378 1637 1442 Titum
1684 1379 1944 1461 scripsit
1990 1379 2333 1462 apostolus
2358 1400 2375 1459 ;
2421 1381 2598 1446 dixit
2642 1381 2932 1446 etenim:

413 1503 493 1550 10
518 1494 594 1548 ut
619 1483 972 1548 constituas
984 1494 1110 1565 per
1139 1481 1438 1563 singulas
1479 1480 1776 1546 ciuitates
1798 1484 2195 1566 presbyteros
2231 1485 2403 1548 sicut
2434 1506 2550 1568 ego
2585 1486 2711 1550 tibi
2736 1496 2933 1568 prae-

514 1587 658 1669 cepi,
689 1595 758 1650 et
787 1586 1016 1650 dicens
1061 1582 1292 1668 quales
1335 1583 1626 1669 debeant
1663 1583 1951 1648 ordinari
2000 1586 2239 1652 adicit:
2282 1598 2519 1671 oportet
2553 1589 2727 1653 enim
2770 1590 2933 1673 epis-

647 1743 722 1809 τὸ
749 1741 1045 1809 παλαιὸν
1069 1740 1140 1808 δὲ
1167 1741 1572 1830 ἀμφοτέραις
1602 1742 1871 1814 ταύταις
1902 1744 2255 1810 ἐκαλοῦντο
2285 1749 2430 1815 ταῖς
2459 1745 2937 1832 προσηγορίαις

517 1844 582 1914 οἱ
619 1847 1087 1934 πρεσβύτεροι.
1163 1845 1276 1913 καὶ
1307 1851 1500 1914 τοῦτο
1532 1845 2084 1932 ἐπεσημηνάμεθα
2122 1848 2238 1915 καὶ
2278 1850 2347 1915 ἐν
2376 1851 2457 1933 τῇ
2489 1848 2655 1936 πρὸς
2684 1850 2932 1914 Φιλιπ-

515 1951 821 2034 πησίους,
874 1950 1032 2018 ἔνθα
1074 1951 1351 2038 *γράφων
1391 1951 1620 2038 φησίν·
1681 1957 2144 2029 εγκεπιοκόποιε
2193 1952 2282 2019 καὶ
2329 1957 2643 2020 Διακόκοιο.
2732 1952 2934 2035 δῆλον

414 2071 485 2139 15
514 2054 643 2143 ’γὰρ
690 2053 777 2126 ὥς
814 2053 935 2121 οὐκ
975 2055 1124 2137 ἐνῆν
1163 2054 1567 2127 ἐπισκόπους
1603 2059 1762 2140 μιᾶς
1801 2055 2060 2128 πόλεως
2095 2055 2364 2127 πλείους
2407 2055 2589 2123 εἶναι.
2674 2055 2935 2138 ἅμεῖνον

442 2172 448 2180 ’
519 2156 590 2225 δὲ
619 2159 688 2224 ἐν
717 2162 854 2230 τοῖς
890 2157 1052 2246 πρὸς
1080 2156 1279 2224 Τίτον
1306 2157 1776 2246 *γεγραμμένοις
1815 2158 1977 2227 αὐτὸ
2005 2159 2193 2244 «γνοίη
2224 2186 2324 2230 τις
2354 2160 2455 2226 ἄν.
2546 2157 2750 2226 εἰπών
2782 2159 2933 2246 *γάρ’

515 2263 620 2328 i'ua
682 2268 1052 2351 καταστήσῃς
1113 2267 1574 2351 πρεοΒγτέΡογο,
1629 2267 1721 2331 ὡς
1784 2265 1913 2338 ἐΓώ
1973 2289 2060 2331 con
2122 2268 2509 2343 ΔιεταΞάΜΗΝ,
2552 2264 2666 2331 καὶ
2722 2289 2931 2352 προσ·-

515 2363 818 2436 τεθεικῶς
861 2363 1051 2443 οἵους,
1085 2364 1338 2451 ἐπάγει·
1401 2365 1496 2433 Δεῖ
1541 2367 1647 2455 Γᾶρ
1675 2369 1788 2433 τὸΝ
1825 2366 2162 2434 ἑπιέκοποΝ
2208 2368 2595 2444 &net-immori
2644 2361 2796 2432 εἵκω
2838 2368 2929 2433 ὡς
2980 2405 2991 2416 ·

612 2514 643 2559 4
675 2500 918 2545 uocantur
945 2493 1054 2546 CH
1053 2514 1118 2545 r:
1151 2501 1233 2545 txt
1249 2509 1284 2544 a
1437 2509 1466 2559 5
1501 2495 1786 2547 notabimus
1814 2497 1939 2548 CH
1951 2499 2249 2548 notabamus
2269 2516 2301 2547 r
2324 2495 2334 2563 Ι
2367 2496 2617 2564 filipenses
2640 2496 2755 2563 (sor
2775 2497 2825 2547 in
2849 2512 2930 2564 ep.

513 2582 578 2631 ad
605 2581 719 2643 Ph.)
749 2580 898 2631 C*H
937 2582 1001 2631 de
1023 2580 1429 2646 Philippensibus
1451 2598 1483 2630 r
1507 2581 1518 2646 Ι
1547 2583 1731 2647 scripta
1756 2581 1869 2648 (sor
1894 2581 2181 2646 scribentes)
2212 2583 2255 2632 C
2275 2584 2424 2644 (corr)
2644 2581 2676 2632 6
2698 2582 2750 2631 in
2767 2599 2827 2633 ea
2842 2597 2924 2647 ep.

511 2664 734 2713 scribens
755 2679 836 2728 ap.
867 2663 1111 2729 coepisset
1128 2672 1178 2713 et
1201 2663 1510 2727 coepiscopis
1533 2671 1583 2714 et
1606 2680 1719 2714 cum
1744 2664 2037 2715 diaconibus
2065 2666 2107 2715 C
2124 2664 2151 2689 ⁴*
2166 2666 2231 2714 H
2290 2664 2342 2713 in
2379 2680 2439 2714 ea
2467 2679 2548 2729 ep.
2571 2679 2687 2713 cum
2708 2664 2931 2713 scribens

513 2763 596 2812 ap.
629 2748 876 2811 coepisset
911 2753 962 2796 et
995 2747 1306 2811 coepiscopis
1339 2754 1390 2796 et
1425 2762 1539 2796 cum
1574 2746 1801 2797 diaconis
1837 2763 1871 2795 r
1933 2747 2115 2811 quibus
2154 2746 2375 2796 scribens
2414 2762 2496 2810 ap.
2534 2744 2845 2809 coepiscopis
2879 2752 2929 2796 et

510 2828 806 2879 diaconibus
833 2828 878 2877 C
896 2828 1045 2888 (corr)
1113 2826 1144 2875 8
1175 2818 1307 2878 illud'
1327 2832 1508 2893 poterit
1532 2829 1599 2878 H
1655 2842 1686 2893 9
1721 2828 1857 2878 enim
1877 2830 1982 2879 Ha
2076 2844 2127 2878 ιι
2167 2828 2399 2878 ordinare
2426 2829 2469 2878 C
2476 2826 2575 2876 *H
2587 2844 2620 2876 r
2642 2824 2653 2890 Ι
2680 2826 2877 2876 addidit
2898 2842 2933 2876 a

518 2927 574 2961 12
610 2926 688 2975 sq.
714 2910 868 2960 Coisl.
909 2924 1020 2971 ⁴204,
1062 2909 1094 2960 f.
1143 2924 1232 2975 ¹99
1269 2926 1300 2959 a
1336 2910 1444 2973 [Cr.
1489 2910 1574 2959 vii.
1615 2910 1701 2974 27]
1737 2912 1795 2960 τὸ
1818 2912 2031 2959 παλαιὸν
2066 2911 2134 2972 δέ,
2174 2911 2324 2960 κ.τ.λ.
2468 2925 2524 2959 12
2559 2908 2819 2959 ἐκαθοῦντο
2840 2910 2924 2960 Cr.

512 3020 603 3080 uit,
619 3034 745 3083 quae
754 3023 916 3067 autem
923 3056 934 3067 .
945 3056 956 3067 .
967 3017 1206 3075 ,arbitr-io,
1221 3017 1368 3067 beatis
1382 3018 1622 3082 apostolis.
1634 3056 1644 3068 .
1654 3054 1667 3068 .

1771 3018 1873 3067 and
1889 3018 2012 3068 with
2036 3018 2121 3068 the
2144 3018 2271 3067 sorm
2294 3018 2533 3068 cnmdiac.
2558 3016 2624 3068 cs.
2654 3019 2929 3069 cameraci-

509 3106 851 3165 cognoscerent.
924 3099 1023 3150 See
1055 3115 1134 3149 vv.
1170 3100 1246 3160 11.,
1281 3100 1380 3149 and
1414 3099 1478 3149 cf.
1513 3112 1572 3150 11.
1613 3116 1664 3165 p.
1756 3098 1863 3165 figi
1883 3098 1941 3164 (1.
1965 3115 2017 3165 p.
2038 3115 2118 3164 34,
2142 3100 2178 3148 l.
2204 3116 2249 3160 2,
2278 3116 2359 3149 vv.
2384 3098 2481 3159 ll.).

511 3184 592 3246 85,
612 3182 646 3231 1.
673 3196 718 3245 7,
743 3187 876 3231 note.

575 3262 624 3314 6.
689 3260 967 3327 coepiscopis
980 3268 1025 3311 et
1037 3260 1456 3323 cumdr’aconibus]
1502 3260 1673 3311 Ihave

507 3345 748 3395 ventur-ed
781 3353 835 3394 to
866 3342 990 3393 omit
1023 3344 1238 3407 coepisset
1265 3349 1311 3392 et
1331 3344 1434 3403 (see
1457 3360 1537 3392 vv.
1561 3343 1673 3404 11.);

507 3428 725 3493 caepis-set
743 3426 834 3477 has
856 3426 1039 3491 clearly
1059 3424 1339 3489 originated
1360 3424 1414 3474 in
1437 3440 1468 3473 a
1488 3424 1668 3488 repeti-

507 3512 614 3560 tion
636 3510 697 3559 οἰ
710 3510 796 3560 the
821 3508 924 3558 first
947 3518 1048 3558 two
1071 3507 1306 3571 syllables
1327 3506 1387 3557 os
1398 3505 1667 3571 coepiscopi,

506 3593 607 3643 and
629 3600 676 3642 et
697 3594 738 3642 is
760 3592 1003 3657 probably
1027 3591 1116 3639 but
1139 3589 1224 3640 the
1247 3590 1341 3639 last
1375 3588 1585 3653 syllable
1615 3586 1677 3637 of

504 3674 724 3739 coepisset
753 3674 948 3722 written
981 3672 1144 3736 again.
1217 3670 1330 3720 The
1361 3670 1461 3720 Gk.
1489 3670 1668 3720 known

504 3757 717 3822 nothing
747 3757 805 3806 of
827 3756 986 3806 either
1007 3755 1164 3805 word.
1232 3755 1344 3806 The
1381 3770 1518 3805 same
1551 3772 1669 3821 may

504 3839 570 3889 be
592 3839 699 3888 said
722 3837 784 3886 of
805 3854 920 3886 cum
947 3836 1118 3886 before
1138 3835 1427 3885 diaconibus
1435 3854 1458 3893 ;
1489 3837 1590 3887 and
1613 3835 1669 3885 in

507 3920 693 3987 Philip.
719 3920 751 3971 i.
785 3934 806 3969 1
845 3920 884 3968 it
917 3919 961 3969 is
983 3918 1206 3982 wanting
1238 3919 1292 3967 in
1325 3919 1410 3968 the
1437 3918 1588 3968 Latin
1611 3934 1668 3969 as

503 4001 620 4051 well
659 4016 714 4051 as
751 4001 806 4051 in
843 3999 928 4051 the
972 4000 1074 4050 Gk.
1145 4000 1300 4057 Here,
1339 4000 1589 4061 however,
1628 4000 1669 4049 it

505 4098 666 4132 seems
704 4089 759 4131 to
797 4082 861 4131 be
896 4081 994 4131 due
1030 4087 1084 4130 to
1115 4080 1201 4130 the
1233 4080 1513 4142 translator,
1553 4080 1668 4130 who

505 4164 692 4229 having
712 4169 800 4229 got
826 4178 964 4228 upon
995 4178 1026 4211 a
1055 4161 1178 4212 salse
1207 4161 1348 4212 track
1381 4162 1433 4210 in
1468 4162 1669 4212 render·

505 4245 594 4311 ing
626 4248 714 4295 σὺν
744 4247 906 4294 darm.
939 4244 1006 4309 by
1024 4242 1302 4308 coepiscopis
1325 4244 1384 4305 (1.
1409 4259 1461 4308 p.
1493 4244 1601 4307 198,
1625 4244 1660 4294 l.

507 4346 588 4390 aa,
614 4330 773 4390 note),
796 4327 1178 4392 unconsciously
1198 4342 1406 4391 pursues
1436 4326 1474 4376 it
1504 4326 1558 4375 in
1579 4326 1667 4377 de-

509 4412 668 4461 fiance
701 4410 760 4460 of
791 4410 878 4460 the
909 4409 1140 4474 original.
1207 4408 1312 4458 For
1341 4408 1670 4459 condiaconus

509 4493 853 4557 (συνδιάκονος)
876 4492 940 4543 cf.
965 4492 1098 4557 Aug.
1125 4499 1227 4557 epp.
1264 4506 1371 4557 149,
1401 4504 1508 4557 174,
1541 4506 1667 4559 1923

1840 3193 1882 3245 7.
1952 3197 2055 3230 nem
2108 3187 2220 3231 erat
2252 3181 2493 3245 possibile,
2536 3178 2655 3243 &c.]
2720 3180 2799 3231 Cf.
2844 3179 2931 3231 the

1771 3262 1860 3312 8th
1894 3262 2088 3312 Nicene
2118 3278 2279 3313 canon
2314 3260 2408 3326 (ἵνα
2433 3262 2502 3321 μὴ
2529 3263 2579 3311 ἐν
2600 3262 2669 3323 τῇ
2687 3263 2828 3310 πόλει
2851 3264 2933 3311 δύο

1770 3346 2030 3395 ἐπίσκοπα
2052 3342 2208 3408 ὥσιν);
2243 3345 2319 3395 for
2342 3345 2427 3394 the
2443 3344 2733 3409 exceptions
2753 3352 2809 3394 to
2832 3341 2933 3394 this

1769 3427 2022 3493 primitive
2043 3427 2150 3477 rule
2172 3443 2255 3477 see
2286 3427 2535 3491 Bingham
2568 3438 2629 3475 ιι.
2652 3428 2681 3487 5
2704 3427 2808 3476 xiii.
2830 3427 2931 3476 and

1768 3508 1823 3557 M
1830 3524 1853 3556 r
1899 3507 2166 3557 Haddan's
2209 3506 2497 3557 exhaustive
2540 3506 2711 3557 article
2754 3508 2807 3556 in
2846 3507 2932 3557 the

1767 3590 1906 3638 Dt'ct.
1948 3588 2011 3653 of
2039 3588 2161 3638 Chr.
2199 3590 2345 3648 Ant„
2390 3600 2426 3638 1.
2469 3604 2519 3653 p.
2558 3602 2673 3651 234.
2740 3588 2923 3653 Comp.

1768 3673 1820 3724 S.
1860 3670 2185 3736 Augustine’s
2230 3672 2451 3737 apology
2494 3671 2573 3720 sor
2616 3672 2702 3720 the
2744 3670 2929 3734 irregu-

1768 3752 1914 3817 larity
1966 3751 2351 3816 unconsciously
2396 3753 2689 3802 committed
2744 3750 2797 3801 in
2852 3751 2929 3800 his

1767 3849 1881 3883 own
1905 3848 2018 3883 case
2036 3831 2123 3897 (cp.
2151 3835 2282 3898 ²13)-

1833 3917 1880 3965 8.
1952 3917 2127 3964 melius
2195 3922 2378 3976 autem,
2450 3913 2570 3976 δια]
2668 3914 2927 3979 Repeated

1767 3998 1949 4047 almost
1968 3998 2205 4047 verbatim
2236 3997 2365 4047 from
2387 3996 2475 4047 the
2495 4013 2680 4048 comm.
2704 4014 2771 4047 on
2796 3997 2924 4049 Phil.

1769 4080 1802 4129 i.
1838 4096 1879 4139 1,
1908 4097 1952 4145 q.
1984 4097 2033 4129 v.
2102 4080 2167 4130 In
2188 4081 2347 4145 citing
2368 4080 2453 4131 the
2484 4081 2584 4132 Gk.
2614 4080 2673 4132 of
2688 4081 2791 4131 Tit.
2816 4080 2850 4131 i.
2881 4094 2926 4145 5,

1768 4162 1855 4212 the
1878 4162 2089 4213 catenist
2111 4162 2202 4213 has
2224 4162 2315 4213 left
2336 4171 2424 4214 out
2447 4164 2574 4213 κατὰ
2596 4165 2753 4214 πόλιν.
2818 4163 2930 4213 The

1768 4245 1933 4294 words
1952 4260 2098 4302 were,
2112 4245 2360 4307 however,
2384 4246 2565 4295 almost
2587 4244 2828 4310 certainly
2844 4246 2928 4295 be·

1767 4326 1874 4377 sore
1896 4344 1988 4378 our
2019 4329 2302 4389 translator,
2336 4328 2413 4378 sor
2440 4328 2506 4378 he
2534 4328 2627 4378 has
2661 4328 2926 4394 presented

1767 4409 1905 4459 them
1946 4409 1999 4459 in
2030 4426 2062 4459 a
2094 4410 2223 4461 form
2260 4410 2423 4461 which
2458 4411 2581 4460 does
2613 4417 2702 4459 not
2735 4424 2928 4459 answer

1767 4492 1961 4557 exactly
1978 4492 2137 4543 either
2158 4500 2212 4543 to
2230 4494 2316 4544 the
2330 4492 2547 4557 Vulgare
2563 4510 2621 4543 or
2644 4500 2695 4543 to
2718 4490 2797 4542 his
2814 4508 2926 4541 own
