3250 5025
480 385 607 447 310
1440 382 1822 432 APPENDIX
1867 381 1932 432 A.

484 621 534 657 2.
620 596 857 680 [Leont.
916 602 955 658 l.
980 620 1019 659 c.
1072 598 1161 674 (ἐκ
1201 601 1302 658 τοῦ
1346 598 1411 658 ιε’
1454 596 1679 680 λόγου).
1779 601 1969 662 Cone.
2017 603 2136 662 CP.
2185 600 2241 661 ii.
2287 619 2367 663 1v.
2413 623 2490 680 43
2544 601 2608 682 (“
2631 599 2900 665 eiusdem

501 703 505 706 ’
641 716 717 758 ex
770 697 923 757 libro
979 697 1344 758 duodecimo
1385 698 1463 758 de
1503 697 1990 778 Incarnatione'')
2011 720 2030 775 3
2070 701 2140 759 ib.
2173 717 2227 758 v.
2263 699 2420 780 (“ex
2449 703 2667 762 eodem
2696 701 2848 762 libro
2867 704 2898 730 ’'

642 825 688 845 =
712 801 749 830 ‘⁴
769 815 841 856 ex
873 796 1142 856 secundo
1171 795 1325 856 libro
1354 794 1561 872 Cyrilli
1580 795 1650 875 '’).
1737 795 1868 874 Vig.
1902 815 1997 869 44.
2085 798 2175 858 Cf.
2211 800 2462 874 Sachau,
2491 819 2550 878 p.
2586 818 2662 878 50
2691 797 2814 881 sq.].

605 947 808 1006 Nemo
836 945 1087 1006 artificio
1114 942 1645 1024 interrogationum
1674 945 2021 1025 decipiatur.
2107 947 2464 1026 flagitiosum
2493 948 2654 1009 enim
2683 959 2775 1008 est
2800 948 2903 1008 de·

486 1062 720 1120 ponere
742 1041 989 1120 quidem
1010 1053 1237 1102 tantam
1258 1043 1497 1102 testium
1529 1045 1774 1115 nubem,
1798 1045 2129 1104 secundum
2160 1047 2324 1122 quod
2353 1048 2660 1123 apostolus
2689 1045 2905 1116 dixit*,

481 1136 691 1199 astutis
732 1151 933 1200 autem
974 1137 1539 1216 interrogationibus
1588 1142 1880 1216 deceptos
1915 1142 2389 1202 aduersariorum
2417 1142 2568 1218 parti
2597 1141 2896 1219 coniungi.

483 1255 639 1312 quae
677 1255 818 1297 uero
856 1246 994 1296 sunt
1032 1253 1190 1312 quae
1228 1255 1366 1296 cum
1404 1248 1531 1297 arte
1572 1235 1983 1314 interrogant?
2054 1238 2348 1299 ‘hominis
2379 1239 2650 1317 genetrix
2689 1237 2901 1308 Maria„

419 1350 452 1412 5
484 1351 563 1392 an
601 1330 721 1393 Dei
752 1330 1022 1408 genetrix
1041 1334 1069 1391 Ρ
1091 1334 1104 1361 ’
1162 1342 1262 1392 et:
1308 1338 1324 1366 ‘
1347 1331 1449 1410 qui
1478 1331 1788 1392 crucifixus
1809 1344 1915 1409 est,
1947 1345 2145 1394 utrum
2177 1338 2346 1396 Deus
2368 1355 2445 1395 an
2473 1336 2703 1396 homo?
2723 1337 2736 1363 '
2793 1335 2902 1394 sed

482 1423 728 1487 istorum
767 1427 1011 1503 quidem
1054 1437 1215 1486 certa
1259 1438 1347 1486 est
1391 1427 1688 1488 absolutio
1729 1439 1790 1488 et
1831 1449 1906 1489 ex
1945 1428 2036 1490 his
2079 1450 2233 1507 quae
2276 1429 2676 1508 praediximus
2716 1429 2780 1490 in
2821 1449 2906 1489 re·

486 1523 721 1600 sponsis
776 1543 932 1600 quae
986 1523 1064 1583 ad
1112 1523 1604 1600 interrogationes
1653 1526 1888 1586 fuerunt
1906 1546 1923 1600 ;
1965 1537 2168 1587 tamen
2217 1547 2361 1588 uero
2408 1527 2638 1588 dicatur
2680 1539 2742 1589 et
2785 1527 2902 1587 iam

485 1639 649 1681 nunc
684 1639 840 1698 quae
869 1619 1301 1698 compendiose
1326 1622 1692 1697 respondere
1719 1635 1958 1700 oportet
1985 1634 2054 1683 ut
2079 1625 2244 1684 nulla
2271 1623 2355 1684 eis
2385 1625 2624 1686 occasio
2653 1624 2904 1686 astutiae

485 1717 867 1795 relinquatur.

390 1905 462 1946 10
569 1880 705 1942 ὅταν
758 1879 943 1941 τοίνυν
997 1883 1278 1958 ἐρωτῶσιν
1333 1887 1349 1914 ‘
1368 1877 1650 1956 ἅνθρωπο-
1827 1902 1964 1942 cum
2003 1901 2144 1960 ergo
2183 1881 2562 1960 interrogent,
2611 1888 2627 1916 ‘
2648 1881 2908 1944 hominis

488 1976 655 2042 τόκος
689 1978 727 2055 ἦ
770 1977 1034 2042 θεοτόκος
1058 1977 1096 2056 ἦ
1124 1978 1355 2055 Μαρία,’
1392 1978 1652 2058 λεγέσθω
1746 1979 2016 2057 genetrix
2056 1990 2160 2040 aut
2201 1978 2316 2040 Dei
2345 1979 2617 2056 genetrix
2655 1969 2908 2040 Maria?'

488 2077 621 2153 παρ’
658 2073 815 2152 ἡμῶν
858 2083 872 2109 ‘
891 2073 1242 2154 οἷμφότερα·’
1289 2075 1357 2136 τὰ
1396 2077 1500 2152 μὲν
1538 2076 1652 2156 γὰρ
1751 2077 1981 2139 dicatur
2019 2097 2058 2136 a
2097 2075 2288 2151 nobiS,
2329 2083 2344 2110 ‘
2362 2080 2906 2154 utraque'-unum

489 2174 563 2251 τῇ
610 2171 786 2250 φύσει
829 2175 932 2232 τοῦ
978 2172 1327 2254 πράγματος,
1372 2171 1439 2232 τὰ
1479 2173 1542 2233 δὲ
1580 2176 1654 2252 τῇ
1751 2174 1996 2252 quidem
2037 2184 2246 2233 natura
2277 2171 2379 2246 rei,
2417 2176 2666 2234 alterum
2702 2187 2905 2236 autem

489 2270 765 2352 ἀναφορᾷ.
851 2270 1276 2348 ἀνθρωποτόκος
1310 2272 1419 2348 μὲν
1443 2269 1554 2351 γὰρ
1580 2275 1653 2350 τῇ
1748 2273 2050 2334 relatione.
2123 2270 2382 2332 hominis
2431 2271 2594 2332 enim
2641 2272 2910 2350 genetrix

390 2391 415 2430 1
430 2387 459 2447 5
493 2367 685 2446 φύσει,
730 2368 955 2446 ἐπείπερ
997 2367 1288 2447 ἅνθρωπος
1325 2367 1396 2445 ἦν
1436 2367 1471 2428 ὁ
1498 2373 1556 2428 ἐν
1580 2372 1654 2448 τῆ
1751 2382 1978 2442 natura,
2022 2367 2167 2446 quia
2204 2368 2387 2428 homo
2427 2380 2555 2430 erat
2595 2369 2656 2429 in
2699 2381 2908 2430 uentre

492 2471 680 2548 κοιλίᾳ
713 2471 815 2545 τῆς
852 2469 1097 2546 Μαρίας,
1128 2466 1200 2533 ὥς
1235 2467 1327 2527 καὶ
1361 2467 1655 2546 προῆλθεν
1755 2466 2000 2541 Mariae,
2025 2464 2165 2543 quia
2183 2475 2242 2525 et
2260 2466 2550 2542 processit
2577 2466 2720 2529 inde
2731 2489 2749 2543 5
2789 2465 2906 2529 Dei

493 2567 727 2629 ἐκεῖθεν·
770 2565 1031 2629 θεοτόκος
1066 2565 1144 2641 δέ,
1175 2566 1399 2641 ἐπείπερ
1428 2564 1555 2629 θεὸς
1580 2563 1654 2641 ἦν
1750 2578 1952 2627 autem
1991 2566 2279 2643 genetrix,
2308 2566 2450 2642 quia
2491 2567 2659 2627 Deus
2693 2576 2818 2625 erat
2845 2564 2908 2625 in

490 2669 551 2724 ἑν
586 2668 663 2745 τῷ
695 2664 952 2743 τεχθέντι
976 2661 1264 2742 ἀνθρώπῳ,
1294 2660 1395 2721 οὐκ
1422 2666 1480 2721 ἐν
1506 2659 1656 2740 αὐτῷ
1751 2662 1997 2723 homine
2041 2676 2203 2737 nat0,
2243 2683 2368 2724 non
2408 2664 2471 2722 in
2513 2663 2617 2723 illo
2661 2662 2910 2723 circum·

490 2757 975 2841 περιγραφόμενος
1022 2759 1165 2818 κατὰ
1207 2758 1313 2833 τὴν
1354 2756 1550 2832 φύσιν,
1593 2762 1656 2819 ἐν
1749 2758 2001 2836 scriptus
2064 2761 2397 2820 secundum
2450 2771 2740 2833 naturam,
2799 2760 2910 2819 sed

389 2875 463 2914 20
492 2853 639 2935 αὐτῷ
691 2854 751 2914 δὲ
804 2852 880 2913 ὢν
932 2854 1078 2915 κατὰ
1132 2852 1239 2930 τήν
1292 2854 1499 2933 σχέσιν
1550 2856 1653 2930 τῆς
1751 2855 1912 2932 quod
1939 2853 2002 2913 in
2031 2873 2105 2916 eo
2134 2868 2258 2916 erat
2287 2857 2506 2917 affectu
2533 2854 2876 2917 uoluntatis.

498 2951 726 3033 γνώμης-

612 3106 813 3183 itaque
841 3116 1090 3185 utraque
1120 3104 1366 3184 quidem
1396 3105 1517 3168 dici
1545 3105 1766 3166 iustum
1796 3115 1904 3177 est,
1929 3124 2054 3165 non
2081 3115 2281 3165 autem
2301 3104 2630 3167 secundum
2654 3104 2910 3167 similem

492 3202 800 3264 rationem.
884 3224 1001 3265 nee
1042 3203 1202 3264 enim
1244 3204 1395 3265 sicut
1436 3205 1622 3265 homo
1661 3201 1725 3262 in
1763 3215 1932 3263 utero
1971 3213 2034 3261 ut
2068 3214 2222 3263 esset
2253 3202 2514 3280 suscepit
2540 3202 2792 3277 initium,
2825 3204 2910 3263 sic

493 3316 553 3365 et
585 3307 749 3365 Deus
776 3306 1044 3365 Verbum
1062 3325 1081 3379 3
1122 3316 1247 3363 erat
1276 3303 1437 3364 enim
1466 3314 1605 3363 ante
1636 3321 1878 3363 ornnem
1907 3313 2252 3362 creaturam.
2338 3298 2542 3377 itaque
2570 3314 2631 3361 et
2659 3312 2910 3380 utraque

392 3412 463 3472 25
493 3402 613 3464 dici
642 3402 859 3463 iustum
890 3414 999 3475 est,
1029 3412 1091 3462 et
1117 3413 1433 3479 utrumque
1463 3420 1672 3462 eorum
1701 3400 2033 3459 secundum
2061 3397 2360 3475 propriam
2389 3398 2695 3460 rationem.

613 3502 776 3563 idem
817 3514 1017 3561 autem
1058 3500 1544 3578 respondendum
1588 3510 1650 3559 et
1691 3498 1740 3557 si
1781 3496 2180 3575 interrogent:
2226 3498 2427 3556 ‘Deus
2469 3496 2782 3556 crucifixus
2822 3508 2913 3556 est

496 3621 573 3662 an
602 3602 787 3661 homo
806 3602 834 3659 Ρ
852 3603 865 3627 ’
912 3600 1074 3677 quod
1110 3602 1125 3631 ‘
1144 3610 1393 3675 utraque
1424 3597 1690 3675 quidem,
1720 3614 1844 3655 non
1872 3606 2075 3655 autern
2105 3595 2434 3653 secundum
2465 3592 2715 3654 similem
2743 3594 2914 3655 ratio-

496 3698 673 3756 nem.’
748 3714 888 3754 nam
925 3695 1023 3753 hic
1066 3693 1311 3771 quidem
1352 3692 1667 3752 crucifixus
1709 3703 1817 3763 est,
1847 3702 2058 3767 utpote
2099 3701 2160 3751 et
2201 3689 2541 3767 passionem
2582 3688 2912 3769 suscipiens

496 3806 557 3855 et
584 3793 745 3872 ligno
772 3794 1019 3867 adfixus,
1052 3804 1112 3853 et
1140 3794 1217 3853 ab
1248 3791 1487 3852 Iudaeis
1517 3793 1840 3864 detentus3
1880 3790 1980 3850 ille
2009 3800 2228 3861 autem,
2259 3788 2427 3865 quod
2455 3800 2580 3847 erat
2607 3807 2745 3848 cum
2773 3786 2910 3865 ipso

394 3908 471 3965 30
498 3893 826 3953 secundum
856 3889 1229 3969 praedictam
1258 3908 1499 3949 causam
1513 3892 1566 3949 Ὺ.

602 4148 662 4183 ro
695 4132 845 4197 igitur
869 4133 983 4195 (Jbr
1002 4128 1141 4195 ergo)
1171 4131 1215 4180 C
1458 4146 1514 4193 ¹3
1548 4130 1843 4179 naturaliter
1866 4129 1980 4195 (for
2001 4131 2198 4191 natura)
2230 4130 2276 4178 C
2489 4141 2564 4191 15,
2595 4139 2651 4190 17
2674 4126 2914 4191 quoniam

501 4214 617 4280 (sor
634 4216 772 4279 quia)
802 4214 845 4263 C
958 4226 1016 4276 15
1050 4219 1195 4262 utero
1217 4210 1336 4277 (γον
1354 4210 1547 4277 uentre)
1578 4213 1623 4261 C
1721 4210 1781 4261 16
1804 4212 1889 4277 qui
1915 4213 2029 4277 (for
2047 4211 2186 4276 quia)
2215 4211 2260 4260 C
2289 4211 2342 4259 V
2435 4212 2491 4260 18
2514 4226 2576 4261 eo
2602 4210 2718 4275 (sor
2735 4209 2844 4273 illo)
2876 4210 2920 4260 C

506 4313 565 4362 19
586 4296 871 4347 >secundum
890 4296 1124 4345 affectum
1153 4294 1198 4343 C

600 4401 628 4426 ⁴*
663 4401 825 4463 [Heb.
858 4400 942 4448 xii.
982 4399 1043 4460 ι].
1174 4398 1209 4452 ’l'
1244 4399 1295 4449 S.
1332 4400 1473 4461 Cyril
1502 4398 1662 4449 adds:
1700 4399 1959 4464 “Insuper
1987 4404 2153 4449 autem
2181 4398 2259 4447 his
2276 4396 2422 4447 infert
2445 4396 2614 4447 statim
2639 4396 2916 4462 procedens

500 4483 635 4547 quod
660 4479 919 4531 crucifixus
940 4479 1093 4528 homo
1116 4488 1219 4529 erat
1242 4478 1434 4529 habens
1460 4480 1623 4529 Deum
1649 4478 2068 4530 inhabitantem.'’
2135 4478 2217 4529 Cr.
2243 4478 2404 4542 infra,
2433 4494 2483 4543 p.
2513 4492 2625 4540 314,
2649 4478 2677 4536 ἕ
2702 4494 2744 4527 2.
