3250 5025
511 329 598 394 94
1180 328 1639 380 THEODORUS
1686 329 2271 383 MOPsUEs'rENUs
2678 320 2796 406 [ΙΙ.
2838 341 2861 385 1
2877 339 2930 402 3.

509 515 648 558 non
681 497 1013 560 modicam
1045 497 1310 562 dicendi
1342 498 1657 564 fiduciam
1698 501 1765 565 in
1812 521 2168 567 commune
2198 503 2475 586 adsequi
2514 502 2931 568 uidebantur.

509 598 690 662 unde
730 608 799 662 et
829 600 1326 666 instruebantur
1353 604 1723 667 necessario
1754 613 1832 668 ut
1860 625 1995 668 non
2028 606 2113 668 ad
2154 607 2689 670 deturbationem
2723 606 2932 670 eccle·

509 699 646 762 siae
686 702 1054 783 spiritalem
1099 706 1386 788 gratiam
1431 710 1881 786 abuterentur,
1926 730 2099 792 quae
2145 710 2318 774 intra
2342 711 2765 801 ‘domesticos
2810 731 2931 792 pa-

508 806 706 869 rietes
765 807 926 870 illud
990 811 1344 874 ostendere
1402 812 1488 875 ad
1551 811 1837 876 aliorum
1897 813 2257 877 utilitatem
2327 813 2683 876 debebant.
2788 809 2929 894 †de

442 925 474 991 5
506 911 875 1000 domestica
921 912 1098 974 enim
1141 915 1646 978 conuersatione
1692 934 1919 978 earum
1960 913 2127 978 haec
2167 925 2459 980 statuere
2504 933 2925 997 nequaquam

505 1013 885 1105 patiebatur
938 1013 1227 1093 Paulus3
1297 1036 1512 1098 neque
1565 1018 1843 1080 uetabat
1894 1017 2201 1082 mulieres
2247 1029 2321 1082 ut
2365 1019 2605 1101 impios
2652 1024 2927 1086 maritos

503 1137 660 1180 suos
695 1119 782 1182 ad
821 1118 1142 1200 pietatem
1185 1119 1292 1182 uel
1333 1119 1695 1183 inuitarent
1738 1120 1846 1183 uel
1891 1121 2221 1198 docerent,
2269 1130 2387 1184 aut
2426 1123 2575 1203 pios
2611 1122 2921 1187 inconue-

504 1219 764 1283 nienter
807 1231 1277 1285 conuersantes
1327 1221 1416 1284 ad
1460 1242 1664 1304 opera
1725 1223 2086 1287 inuitarent
2136 1221 2517 1288 uirtutum?
2604 1244 2761 1287 nam
2810 1227 2925 1289 ubi

505 1326 627 1412 egit
680 1324 862 1407 quod
911 1324 1166 1388 dictum
1213 1333 1330 1400 est,
1378 1324 1548 1387 unde
1588 1325 1761 1388 enim
1804 1325 1946 1401 πίε,
1991 1326 2241 1401 mulier,
2284 1326 2352 1389 si
2390 1325 2615 1390 uirum
2657 1329 2920 1390 saluum

400 1441 479 1499 10
485 1427 770 1509 facias?
857 1429 1020 1491 dicit
1059 1447 1218 1511 ergo
1261 1428 1379 1491 illa
1422 1430 1509 1491 ad
1547 1447 1993 1507 communem,
2039 1440 2115 1494 ut
2159 1430 2319 1506 dixi,
2363 1441 2713 1509 ornatum;
2762 1453 2917 1495 nam

503 1532 590 1594 ad
621 1531 894 1614 plenum
927 1531 1041 1595 illa
1071 1553 1242 1614 quae
1275 1533 1341 1594 in
1373 1553 1731 1597 commune
1764 1535 2169 1597 conueniunt
2193 1533 2481 1615 plurima
2511 1535 2579 1596 in
2598 1534 2921 1616 epistolae

501 1645 694 1717 parte
752 1636 933 1699 uisus
992 1645 1094 1700 est
1168 1637 1437 1702 dixisse.
1527 1638 1707 1701 unde
1767 1647 1836 1701 et
1894 1639 2164 1721 copiose
2215 1637 2569 1700 intendens
2621 1638 2803 1719 quod
2854 1639 2919 1701 in

502 1739 840 1803 communi
887 1740 1406 1822 congregatione
1451 1759 1586 1803 non
1631 1741 1870 1804 deceat
1915 1740 2224 1804 mulieres
2264 1739 2491 1817 docere,
2526 1739 2644 1802 sed
2678 1761 2806 1803 esse
2850 1740 2920 1804 in

499 1842 768 1918 silentia,
819 1851 887 1907 et
945 1843 1230 1925 primam
1283 1842 1554 1928 quidem
1607 1844 2075 1926 probationem
2136 1844 2295 1910 facit
2358 1864 2447 1908 ex
2500 1853 2753 1921 natura,
2802 1845 2918 1908 ad-

396 1953 468 2022 15
500 1965 723 2010 serens
749 1969 764 2010 τ

629 2080 858 2146 Adam
886 2081 1058 2146 enim
1073 2081 1344 2166 primus
1355 2085 1732 2168 plasmatus
1757 2093 1866 2160 est,
1896 2083 2122 2150 deinde
2148 2083 2324 2149 Eua.

631 2202 926 2266 secundo
957 2202 1043 2265 de
1073 2200 1203 2264 illis
1233 2222 1405 2283 quae
1435 2203 1851 2266 acciderant:

627 2364 784 2452 περὶ
831 2361 962 2449 «γάρ
1009 2392 1112 2432 τοι
1159 2369 1275 2450 τῆς
1325 2363 1466 2433 κατ’
1522 2361 1704 2432 οἶκον
1746 2364 2169 2454 ἀναστροφῆς
2212 2365 2427 2432 αὐτῶν
2478 2368 2686 2431 ταῦτα
2730 2392 2916 2450 νομο-

499 2464 771 2547 θετῆσαι
807 2466 926 2535 οὐκ
969 2467 1052 2535 ἄν
1091 2495 1256 2536 ποτε
1286 2468 1582 2560 ἠνείχετο
1615 2472 1905 2548 Παῦλος,
1936 2467 2069 2535 οὐδ’
2114 2469 2193 2535 ἂν
2234 2467 2565 2536 ἐκώλυσεν
2604 2473 2915 2553 «γυναῖκας

387 2568 536 2652 2Οῆ
581 2568 992 2650 ἀσεβοῦντας
1031 2571 1175 2641 τοὺς
1217 2570 1451 2656 ἄνδρας
1491 2568 1828 2637 παιδεύειν
1867 2570 1987 2655 τὴν
2026 2570 2391 2655 εὐσέβειαν,
2423 2569 2463 2654 ἢ
2508 2571 2601 2655 μὴ
2643 2568 2913 2641 δεόντως

498 2674 1041 2757 πολιτευομένους
1087 2674 1196 2739 ἐπὶ
1242 2672 1328 2739 τὰ
1367 2672 1508 2755 τῆ9’
1529 2672 1766 2760 α’ρετῆς
1810 2673 1973 2759 ἔργα,
2015 2672 2347 2761 προάγειν.

595 2829 623 2865 2
659 2815 1058 2880 deturpationem
1087 2816 1130 2866 C
1435 2832 1464 2880 3
1499 2816 1775 2881 spiritalem
1804 2821 2072 2881 gratiarum
2110 2820 2153 2868 C
2166 2818 2194 2844 ⁴
2250 2820 2472 2884 spiritale
2494 2818 2654 2883 gratia
2694 2819 2737 2868 C
2762 2820 2911 2880 (corr)

495 2896 708 2962 spiritali
725 2972 729 2977 ·
745 2898 906 2962 gratia
941 2914 1006 2947 r:
1055 2904 1139 2947 txt
1173 2898 1242 2948 H
1259 2895 1268 2962 Ι
1297 2896 1424 2947 infra
1453 2898 1741 2948 domesticis
1780 2900 2051 2963 parietibus
2091 2902 2134 2950 C
2148 2900 2176 2926 *
2190 2902 2259 2950 H
2287 2900 2472 2965 [paries
2516 2900 2742 2961 C(corr)]
2786 2899 2914 2948 infra

495 2979 796 3031 domesticos
819 2980 1022 3046 parietis
1045 2996 1077 3029 r
1207 2992 1234 3043 5
1269 2996 1440 3030 eorum
1470 2980 1591 3030 CH
1596 2995 1659 3029 r:
1690 2978 1755 3045 qt:
1776 2996 1821 3045 g
1944 2982 1976 3029 8
2009 2982 2221 3033 inuitare
2248 2983 2379 3033 CH
2398 3000 2411 3033 ε
2444 2989 2572 3031 txtr
2712 2996 2745 3047 9
2778 2982 2911 3031 enim

495 3076 572 3110 orn
593 3062 664 3111 H
851 3075 912 3111 10
944 3062 1013 3111 ob
1036 3059 1149 3125 (for
1167 3061 1254 3124 ad)
1283 3063 1374 3111 Cr
1569 3064 1626 3111 18
1663 3061 1819 3112 Coisl.
1849 3078 1961 3123 204,
1983 3064 2019 3113 l.
2047 3080 2084 3113 c.

561 3206 606 3255 3.
677 3192 816 3241 intra
857 3192 985 3242 dom.
1017 3192 1248 3258 parietes]
1319 3193 1416 3242 See
1466 3208 1547 3241 vv.
1593 3190 1649 3240 ll.
1758 3192 1842 3241 vii.
1874 3190 1946 3252 16,
1975 3194 2108 3243 cited
2131 3193 2237 3243 also
2260 3194 2329 3257 by
2345 3194 2499 3243 Thdt.
2524 3194 2596 3241 ad
2608 3192 2660 3241 h.
2678 3194 2714 3241 Ι.

491 3272 646 3337 Infra
685 3289 778 3323 can
811 3274 931 3339 only
963 3274 1028 3323 be
1061 3290 1092 3323 a
1124 3271 1358 3337 copyist’s
1395 3274 1510 3338 slip.
1583 3273 1661 3323 Of
1824 3290 1898 3325 10.
1968 3276 2041 3325 ad
2056 3291 2359 3325 communem
2376 3283 2437 3324 ut
2451 3277 2500 3325 d.
2520 3275 2778 3337 ornatum]
2808 3276 2910 3325 ‘As

491 3353 579 3401 the
601 3354 700 3403 abl.
729 3354 856 3404 after
877 3356 1018 3405 intra
1041 3356 1067 3403 1
1089 3355 1218 3405 have
1249 3370 1316 3404 no
1333 3354 1574 3418 -example
1597 3361 1653 3403 to
1752 3370 1783 3403 a
1818 3362 1998 3404 matter
2034 3356 2095 3405 of
2122 3371 2352 3405 common
2390 3356 2536 3405 order
2554 3354 2593 3417 3’
2631 3356 2692 3405 cf.
2730 3364 2901 3419 supra,

491 3433 636 3497 give;
685 3436 888 3485 Ronsch
924 3436 1095 3495 (Itala,
1135 3450 1186 3499 p.
1233 3434 1349 3499 407)
1396 3442 1542 3484 notes
1585 3434 1650 3484 its

492 3532 791 3567 occurrence
813 3518 937 3567 aster
958 3518 1116 3582 infra.

553 3591 602 3643 6.
690 3609 845 3659 neque
904 3596 1100 3645 uetabat
1161 3596 1305 3655 muL,
1365 3596 1482 3656 &c.]
1569 3594 1645 3645 Cf.

491 3674 695 3739 Pelag.:
767 3676 1017 3739 “publice
1067 3690 1169 3725 non
1215 3675 1486 3739 permittit3
1528 3691 1649 3724 nam

489 3754 647 3804 filium
665 3762 750 3805 aut
771 3755 972 3806 fratrem
991 3756 1142 3805 debet
1161 3757 1344 3806 docere
1360 3754 1647 3821 pfiuatim.”

487 3836 714 3901 Thpht.:
749 3836 840 3898 οὐχ
871 3838 1042 3887 ἁπλῶς
1075 3836 1314 3886 διδάσκειν
1353 3841 1524 3887 κωλύει
1555 3835 1647 3897 τὴν

485 3920 713 3981 γυναῖκα,
761 3917 878 3968 ἀλλ’
923 3922 976 3969 ἐν
1022 3920 1271 3981 ἐκκλησίᾳ·
1329 3921 1424 3981 ἰδίᾳ
1456 3918 1549 3983 γὰρ
1592 3922 1647 3969 οὐ

487 3994 768 4059 κεκώλυται,
783 4002 889 4049 ἐπεὶ
906 4002 984 4050 καὶ
1008 4002 1282 4063 Πρίσκιλλα
1303 4002 1390 4049 τὸν
1415 3998 1649 4049 Ἀπολλὼ

487 4084 782 4143 κατήχησεν,
828 4083 909 4131 καὶ
945 4080 978 4143 ἦ
1018 4080 1172 4142 πιστὴ
1212 4080 1338 4143 ’γυνὴ
1379 4083 1462 4131 τὸν
1499 4083 1652 4145 ἄνδρα

485 4165 710 4225 κατηχεΐ.

551 4256 599 4310 7.
667 4246 751 4295 uel
769 4246 1048 4296 inuitarent
1080 4248 1166 4297 uel
1187 4244 1428 4308 docerent]
1455 4266 1458 4269 ⁴
1494 4246 1572 4297 Cf.
1602 4258 1643 4296 1.

483 4344 530 4392 p.
561 4326 724 4377 xxxvi.

549 4411 594 4459 8.
689 4408 778 4458 ubi
812 4409 908 4457 erit
941 4411 1073 4473 quod
1099 4412 1226 4471 d.e.,
1272 4410 1385 4470 δια]
1459 4426 1478 4459 1
1520 4410 1641 4460 Cor.

1751 3450 1835 3500 pp.
1876 3448 1956 3498 93,
1995 3434 2047 3484 11.
2092 3434 2164 3495 16,
2207 3451 2297 3493 τος
2347 3437 2448 3485 and
2495 3435 2573 3495 68,
2611 3436 2645 3484 1.
2677 3438 2723 3486 8.
2796 3437 2909 3486 The

1750 3518 1957 3582 reading
1989 3519 2048 3567 of
2076 3520 2120 3568 C
2140 3535 2171 3565 r
2202 3518 2294 3567 has
2328 3519 2603 3581 originated
2640 3519 2691 3568 in
2726 3536 2757 3567 a
2790 3519 2905 3569 mis-

1748 3598 2113 3661 apprehension
2136 3598 2194 3647 of
2210 3598 2296 3647 the
2318 3614 2475 3647 sense.

1820 3694 1893 3740 14.
1956 3678 2185 3741 primam
2206 3677 2499 3737 ...sec-undo]
2568 3679 2639 3729 So
2690 3678 2905 3743 (ἕω-γει

1750 3758 1937 3819 πρῶτον
1981 3754 2369 3815 ἐπλάσθη...ιίπὸ
2404 3759 2585 3805 τούτων
2630 3760 2789 3820 ἐχέτω
2840 3756 2907 3807 τὰ

1747 3840 1974 3900 πρωτεῖα,
1999 3839 2164 3897 φησίν·
2202 3840 2419 3900 δεύτερον
2444 3838 2513 3899 δέ,
2551 3836 2651 3887 ἀπὸ
2683 3838 2779 3888 τῶν
2812 3837 2907 3899 ἤδη

1745 3919 2029 3981 γενομένων.
2108 3920 2229 3969 And
2288 3922 2455 3985 Pelag·
2520 3922 2773 3987 (repeated
2837 3922 2906 3986 by

1750 4000 2017 4051 primasius
2040 4001 2139 4050 and
2173 4002 2450 4065 Sedulius):
2488 4008 2521 4029 “
2536 4004 2699 4053 reddit
2728 4018 2904 4053 causas

1746 4098 1899 4149 quare
1936 4098 2021 4132 eas
2058 4082 2180 4133 uelit
2218 4100 2324 4133 esse
2362 4083 2610 4134 subiectas
2622 4102 2639 4145 ς
2692 4084 2899 4145 scilicet,

1745 4164 1863 4228 quia
1904 4170 1955 4214 et
1998 4165 2297 4229 posteriores
2340 4165 2392 4215 in
2440 4165 2631 4216 factura
2682 4176 2798 4219 sunt
2852 4177 2904 4220 et

1744 4246 1933 4310 priores
1956 4246 2007 4296 in
2031 4245 2231 4312 culpa.’'

1814 4326 1890 4377 16.
1914 4328 2198 4391 plasmatus
2230 4328 2319 4390 est]
2351 4324 2585 4389 ἐπλάσθη.
2621 4328 2733 4378 The
2752 4329 2915 4383 Latin

1744 4410 2033 4459 authorities
2088 4426 2209 4473 vary
2261 4411 2491 4459 between
2565 4413 2594 4437 ‘⁴
2611 4410 2849 4462 formatus
2870 4411 2899 4433 ’‘
