3250 5025
277 336 408 401 111.
452 337 656 421 1—4]
845 350 930 401 IN
978 350 1082 401 ΕΡ.
1129 348 1232 401 AD
1277 348 2027 401 THESSALoNoeENsEs
2072 351 2115 400 1.
2617 350 2695 417 17

398 528 499 587 ‘et
544 543 745 588 omne
789 524 1100 606 quicquid
1151 521 1285 586 illic
1329 522 1488 586 boni
1527 522 1594 585 in
1643 519 1863 585 futura
1904 532 2342 605 expectamus
2391 523 2500 587 die
2535 532 2696 588 tunc

267 626 539 708 quando
569 627 884 690 adueniet
913 626 1226 691 dominus
1267 633 1494 689 noster
1541 625 1727 688 Iesus
1772 623 2073 688 Christus
2113 626 2199 689 ad
2242 624 2697 689 examinanda

267 728 613 808 uniuersa3
685 738 846 793 tunc
904 730 992 793 ab
1052 729 1184 793 illis
1243 728 1580 793 laboribus
1642 749 1809 812 quos
1870 748 1991 811 pro
2052 730 2244 805 uobis
2292 730 2697 794 sustinemus

268 833 640 897 mercedem
676 833 867 897 nobis
897 834 984 897 ab
1015 834 1252 897 eodem
1285 832 1513 895 uenire
1543 830 2015 913 expectamus!

382 978 654 1050 propter
698 969 874 1052 quod
917 968 1098 1032 ultra
1153 989 1280 1031 non
1327 967 1727 1043 sustinentes,
1767 966 2259 1049 complacuimus
2294 968 2467 1032 enim
2518 968 2699 1033 nobis
2770 983 2801 1049 5

265 1067 552 1151 relinqui
574 1071 637 1133 A
649 1069 857 1133 thenis·
881 1069 1052 1146 solis,
1072 1079 1135 1132 et
1163 1068 1465 1133 misimus
1495 1068 1893 1133 Timotheum
1905 1069 2203 1152 fratrem
2224 1080 2289 1134 et
2314 1068 2693 1133 ministrum

264 1174 400 1238 Dei
426 1174 496 1238 in
524 1173 852 1257 euangelio
887 1172 1149 1239 Christi.

396 1290 523 1355 hoc
583 1291 670 1355 ad
725 1291 888 1355 illud
951 1291 1239 1355 reddidit
1299 1290 1480 1375 quod
1540 1289 1824 1367 dixerat,
1878 1288 2063 1355 uolui
2115 1290 2335 1355 uenire
2380 1292 2477 1355 ad
2528 1315 2641 1358 uos
2660 1318 2694 1371 ,-

264 1392 620 1474 ‘quoniam
673 1412 831 1475 ergo
879 1392 1040 1458 illud
1088 1390 1363 1475 implere
1413 1392 1688 1456 minime
1735 1394 1943 1475 potui,
1998 1392 2169 1476 elegi
2224 1393 2501 1478 relinqui
2550 1396 2693 1478 ipse

260 1493 445 1556 solus
475 1492 783 1571 Athenis,
814 1503 881 1558 et
912 1495 1176 1559 mittere
1206 1493 1637 1558 Timotheum
1669 1494 1755 1557 ad
1788 1493 1945 1559 uos?
2032 1516 2167 1579 qua
2196 1516 2284 1559 ex
2316 1496 2563 1560 causa?
2600 1494 2607 1499 ’
2728 1522 2807 1569 ιο

394 1636 491 1698 ad
530 1638 1001 1721 confirmandos
1051 1658 1166 1702 uos
1207 1648 1271 1702 et
1324 1638 1732 1702 consolandos
1766 1650 1893 1721 pro
1921 1638 2065 1722 fide
2110 1651 2342 1718 uestra,
2391 1650 2469 1704 ut
2516 1662 2694 1706 nemo

257 1748 605 1802 moueatur
631 1739 702 1802 in
733 1740 1260 1804 tribulationibus
1288 1741 1535 1803 uestris.

395 1860 527 1925 ‘ita
586 1870 661 1925 ut
719 1881 843 1924 uos
900 1860 1248 1926 confirmet
1307 1860 1777 1924 exhortatione
1848 1880 2116 1926 suorum
2194 1863 2547 1929 uerborum
2624 1876 2693 1930 et

251 1965 797 2048 animaequiores
856 1986 976 2029 sua
1024 1966 1399 2048 praesentia
1451 1965 1676 2041 faciat,
1731 1964 1824 2028 ita
1874 1973 1947 2028 ut
1994 1984 2126 2028 non
2182 1965 2436 2030 cedatis
2487 1968 2692 2033 tribu-

253 2066 626 2131 lationibus
657 2068 852 2132 uicti.’
937 2068 1375 2130 ‘commoneri
1396 2066 1411 2093 ’
1442 2068 1605 2131 dicit
1636 2067 1799 2131 cedi.
1882 2076 1951 2131 et
1980 2067 2342 2133 ostendens
2372 2071 2691 2153 quoniam
2728 2089 2798 2156 15

259 2174 440 2236 iusta
471 2181 626 2236 sunt
656 2191 829 2255 quae
857 2172 1022 2235 dicit
1048 2196 1061 2234 :

395 2304 524 2389 zjosi
547 2304 721 2369 enim
749 2303 929 2370 scitis
955 2304 1258 2389 quoniam
1292 2303 1361 2366 in
1391 2303 1502 2366 hoc
1514 2302 1722 2387 positi
1746 2324 1985 2368 sumus.

393 2435 464 2490 et
495 2423 674 2489 unde
703 2424 966 2489 sciunt?

390 2583 551 2626 nam
601 2560 858 2644 quando
901 2580 1162 2624 eramus
1207 2559 1386 2642 apua'
1429 2579 1556 2634 uos,
1590 2557 2117 2638 praedicebamus
2168 2557 2347 2623 uobis
2366 2629 2370 2634 ,
2379 2570 2694 2641 passuros

262 2687 375 2730 nos
405 2663 904 2740 tribulationem,
935 2661 1104 2726 sicut
1129 2673 1191 2726 et
1201 2663 1466 2744 factum
1496 2669 1594 2723 est
1617 2669 1681 2723 et
1704 2657 1900 2724 scitis.
2719 2681 2804 2728 20

363 2844 384 2878 r
425 2827 502 2876 illi
541 2825 659 2890 (for
692 2822 814 2890 illic)
856 2823 932 2874 C⁸
959 2825 1044 2874 H:
1090 2840 1168 2873 om
1206 2840 1239 2872 r
1552 2837 1580 2885 3
1615 2821 1685 2871 ob
1726 2819 1841 2884 (for
1869 2817 1955 2880 ab)
1994 2819 2039 2869 C
2058 2818 2126 2868 H
2180 2818 2249 2868 ob
2281 2817 2396 2868 illos
2428 2817 2625 2868 labores
2660 2835 2693 2867 r

261 2928 294 2972 4
325 2909 472 2960 finire
495 2907 612 2971 (for
632 2907 820 2966 uenire)
850 2906 975 2956 CH
977 2923 1009 2954 r
1282 2901 1315 2953 6
1353 2903 1530 2968 reliqui
1558 2901 1637 2952 C*
1667 2899 1676 2966 Ι
1706 2901 1801 2950 soli
1827 2901 1871 2950 C
1892 2901 2041 2962 (corr)
2315 2901 2347 2948 8
2379 2900 2639 2949 addixerat
2660 2915 2693 2948 r

269 3006 328 3041 10
359 2988 482 3040 solis
509 2987 588 3038 C*
847 3003 903 3036 12
939 2987 1046 3036 istis
1069 2987 1188 3049 (for
1205 2982 1399 3047 uestris)
1424 3000 1457 3032 r
1708 2995 1765 3043 ¹4
1798 2981 1945 3030 saciat
1966 2996 2045 3028 om
2073 2980 2118 3030 C
2136 2979 2224 3030 H:
2266 2986 2351 3028 txt
2373 2996 2405 3028 r
2430 2978 2441 3046 Ι
2467 2980 2539 3031 ita
2558 2996 2637 3032 om
2660 2997 2693 3029 r

271 3084 324 3134 ¹5
360 3069 500 3120 enim
525 3068 630 3133 (bes
642 3067 783 3131 dicit)
806 3068 911 3116 add
927 3084 960 3116 r
1220 3079 1284 3114 20
1318 3071 1368 3114 et
1394 3061 1482 3128 (1⁰)
1506 3079 1584 3114 om
1607 3063 1675 3112 H
1912 3072 1920 3080 ·

329 3227 378 3272 4.
447 3205 640 3266 uenire]
698 3205 794 3255 See
815 3219 896 3252 vv,
921 3202 975 3252 ll.
1029 3202 1054 3250 1
1078 3201 1205 3250 have
1229 3200 1429 3264 printed
1525 3200 1691 3248 δωκεν.
1759 3199 1842 3249 cf.
1865 3199 1917 3248 ii.
1942 3196 1973 3247 6
1995 3197 2164 3263 (Gk.>.

268 3291 344 3338 Dr
357 3287 580 3354 Jacobi’s
602 3285 936 3346 emendation,
960 3283 1123 3333 which
1140 3298 1354 3348 appears
1375 3290 1428 3331 to
1596 3296 1615 3330 1
1631 3294 1671 3330 1.
1744 3281 2081 3342 consolandos]
2146 3279 2229 3329 Cf.
2253 3286 2371 3330 note
2394 3295 2461 3330 on
2489 3295 2532 3330 c.
2558 3280 2611 3330 ii.
2638 3294 2685 3343 3.
2736 3312 2742 3318 -

267 3373 331 3422 be
353 3370 588 3436 required
609 3370 679 3434 by
701 3369 788 3420 the
809 3383 968 3417 sense.
1537 3363 1715 3412 Vestris
1735 3363 1777 3412 is
1798 3363 2045 3427 probably
2065 3379 2097 3412 a
2119 3378 2255 3414 mere
2276 3362 2375 3430 slip
2396 3363 2474 3412 sor
2496 3364 2619 3413 istis.

333 3466 376 3516 5.
451 3451 592 3501 ultra
636 3451 760 3512 non]
824 3449 1027 3510 μηκέτιε
1072 3447 1132 3497 cs.
1183 3447 1319 3512 Eph.
1369 3445 1421 3494 ii.
1597 3459 1673 3510 15.
1747 3447 2066 3496 ‘commoneri
2077 3444 2090 3465 ’
2122 3445 2249 3494 dicit
2276 3445 2398 3506 cedi]
2434 3447 2686 3495 σαίνεσθαι

275 3549 347 3599 19,
378 3533 480 3583 and
513 3533 673 3596 infra,
707 3547 756 3579 v.
791 3542 838 3592 5.
911 3529 1098 3595 Compl.
1130 3528 1262 3577 enim
1296 3527 1432 3576 nobis
1525 3525 1663 3587 λέγει
1709 3526 1769 3574 τὸ
1813 3527 2022 3574 ἐνδοῦναι
2056 3525 2135 3586 (ἲ).
2208 3524 2288 3575 Cf.
2327 3524 2545 3590 Thpht.:
2580 3543 2687 3574 rov-

273 3617 447 3667 ...solis
475 3631 636 3666 seems
666 3621 720 3663 to
749 3614 814 3663 be
835 3627 867 3660 a
888 3613 1099 3661 mixture
1127 3609 1187 3659 of
1211 3609 1300 3659 the
1327 3617 1428 3659 two
1523 3608 1693 3657 τέστιν
1732 3607 2055 3670 θορυβεῖσθαι,
2094 3607 2408 3668 χαυνοῦσθαι.
2476 3606 2561 3656 On
2598 3607 2684 3658 the

267 3699 630 3750 constructione
643 3702 676 3725 ‘⁴
687 3696 874 3762 placuit
889 3691 1258 3744 nobie...solis”
1275 3693 1427 3753 <0.L.
1523 3689 1670 3739 other
1694 3687 1832 3737 hand
1865 3687 2162 3738 Severianus
2193 3688 2421 3748 (Cramer
2442 3688 2506 3738 vi.
2538 3687 2683 3753 353)=

269 3784 368 3832 and
407 3780 600 3847 Vulg.)‚
637 3781 738 3830 and
780 3784 811 3807 ‘⁴
828 3775 1382 3844 complacuimuS...soli
1398 3773 1428 3798 ”
1525 3773 1610 3821 οὐκ
1634 3772 1769 3819 εἶπεν
1788 3772 1845 3819 τὸ
1870 3775 1882 3798 ‘
1895 3771 2076 3831 μηδένα
2097 3767 2358 3832 ὀκλάζειν,’
2380 3770 2460 3820 ἵνα
2478 3769 2549 3830 μὴ
2570 3773 2684 3834 δόξῃ

271 3861 349 3927 (ef.
391 3873 562 3929 supra,
606 3881 650 3914 c.
685 3864 739 3912 ii.
775 3861 853 3926 8);
897 3861 1120 3928 possibly
1153 3860 1240 3909 the
1272 3865 1426 3909 trans-
1526 3855 1830 3916 κατηγορεῖν·
1858 3850 1965 3901 ἀλλ’
1990 3854 2161 3913 ἔθηκεν
2190 3855 2319 3912 λέξιν
2342 3854 2433 3913 τὴν
2453 3854 2522 3913 μὴ
2547 3856 2681 3903 δυνα·

269 3945 399 3996 lator
441 3954 595 3996 wrote
639 3945 725 3995 the
767 3943 933 4002 latter,
965 3942 1066 3992 and
1104 3941 1190 3990 the
1227 3947 1428 4005 present
1522 3937 1675 3996 μένην
1712 3935 1999 3996 ἐλεγκτικὴν
2031 3936 2149 3983 εἶναι
2183 3936 2269 3994 τῆς
2303 3936 2541 3993 ἐνδόσεως,
2575 3938 2679 3984 σαί-

269 4026 528 4076 eoni'usion
561 4024 790 4090 together
821 4023 945 4072 with
981 4022 1067 4072 the
1101 4021 1340 4071 insertion
1376 4019 1436 4068 of
1526 4020 1695 4067 νεσθαι
1729 4018 1876 4066 εἰπὼν
1907 4017 1965 4066 τὸ
1997 4019 2182 4078 μηδένα
2215 4018 2497 4077 ξενίζεσθαι.
2569 4019 2685 4070 Gadi

269 4107 354 4157 the
383 4106 692 4172 superfluous
719 4105 856 4154 enim
889 4104 932 4153 is
965 4102 1052 4152 the
1084 4102 1226 4151 work
1254 4101 1315 4151 of
1342 4101 1426 4150 the
1524 4115 1685 4149 seems
1708 4105 1761 4148 to
1784 4099 1848 4148 be
1879 4099 2077 4164 unique,
2106 4099 2196 4148 but
2228 4098 2267 4150 it
2301 4115 2403 4149 was
2432 4101 2682 4165 probably

270 4187 472 4236 scribes.
535 4186 720 4243 Enim,
750 4186 1000 4240 however,
1033 4183 1076 4232 is
1107 4181 1330 4232 retained
1359 4181 1426 4245 by
1523 4180 1724 4230 written
1755 4180 1824 4244 by
1856 4179 1943 4230 the
1974 4179 2240 4230 translator
2271 4179 2480 4230 himself
2484 4198 2498 4240 ς
2540 4176 2602 4230 cs.
2641 4194 2679 4230 1.

273 4268 421 4325 Rab„
457 4267 572 4318 who
611 4267 664 4316 in
699 4267 842 4316 other
877 4271 1096 4331 respects
1129 4264 1338 4314 adheres
1374 4271 1428 4312 to
1524 4278 1576 4327 p.
1595 4265 1644 4320 8,
1669 4263 1700 4310 Ι.
1720 4282 1767 4325 4,
1795 4268 1931 4311 note.

271 4346 355 4396 the
377 4346 528 4411 Vulg.
1597 4357 1672 4409 19.
1742 4357 1863 4390 nam
1895 4341 2113 4405 quando]
2181 4342 2244 4391 O.
2276 4342 2332 4390 L.
2369 4341 2470 4390 and
2497 4341 2678 4406 Vulg.:

333 4431 382 4476 8.
448 4429 522 4476 ad
547 4429 684 4478 illud
709 4427 948 4488 reddidit]
981 4429 1098 4489 πρὸς
1132 4428 1278 4474 σοῢτο
1309 4423 1429 4474 dur&-
1526 4429 1687 4473 “nam
1712 4432 1760 4472 et
1784 4438 1897 4472 cum
1917 4421 1946 4442 ”
1972 4421 2069 4486 (καὶ
2092 4423 2189 4484 ’γὰρ
2209 4420 2396 4486 ὅτε...).

446 4537 499 4586 S.
547 4541 621 4590 11.
2466 4535 2502 4580 2
