3250 5025
331 364 448 430 IV.
490 363 608 449 14]
1035 377 1118 427 IN
1169 378 1273 428 ΕΡ.
1321 377 1423 427 An
1468 375 1938 428 ‘rmo‘rHEuM
1986 377 2030 427 1.
2636 375 2757 439 149

329 569 504 631 quae
568 559 637 612 te
696 559 765 613 et
825 548 1040 613 facere
1098 559 1167 612 et
1227 550 1394 641 alios
1453 551 1694 613 docere
1753 547 2152 624 conueniat;
2230 555 2304 611 ut
2364 545 2756 610 assiduitate

330 650 691 717 lectionum
744 653 1035 735 teipsum
1087 653 1439 729 instruenS,
1495 652 1797 716 insistere
1851 652 2067 734 possis
2126 651 2467 715 doctrinae
2519 659 2588 712 et
2635 666 2756 710 ex·-

328 755 728 821 hortationi.'
816 755 1030 840 †dicit
1075 758 1255 820 enim
1321 755 1366 841 [‘
1384 758 1759 821 doctrinam
1784 755 1825 840 ’]
1890 755 2198 820 absolute
2259 755 2753 827 narrationem3

327 859 944 924 ‘exhortationem’
1004 881 1164 923 uero
1246 860 1387 923 siue
1466 856 2073 935 ‘consolationem‚’
2138 858 2323 923 illam
2384 855 2753 920 commoni-

329 964 583 1027 tionem
616 985 788 1046 quae
818 985 908 1027 ex
939 961 1269 1046 aliquibus
1298 962 1754 1026 accidentibus
1786 961 1925 1026 fieri
1967 962 2153 1039 solet,
2181 983 2385 1045 quam
2417 961 2752 1024 interdum
2830 975 2863 1041 5

332 1076 400 1130 et
432 1067 499 1131 in
531 1065 870 1132 communi
903 1068 1118 1132 facere
1140 1077 1244 1132 est
1274 1088 1562 1146 necesse,
1594 1069 1702 1132 uel
1728 1069 2025 1132 maxime
2044 1088 2197 1131 cum
2229 1065 2502 1130 inillam
2535 1083 2756 1127 narra-

332 1173 586 1235 tionem
626 1174 1050 1237 inciderimus
1087 1194 1290 1256 quam
1329 1172 1605 1256 singulis
1644 1193 1985 1256 exponere
2026 1192 2129 1236 res
2159 1173 2306 1253 ipsa
2335 1165 2755 1250 compellat*

329 1297 717 1360 permanere
774 1297 932 1341 uero
992 1277 1336 1340 doctrinae
1394 1285 1463 1340 et
1535 1275 1990 1341 exhortationi
2072 1274 2379 1358 diligenti
2460 1272 2752 1336 suadens

335 1379 804 1463 placabilitate,
835 1381 1084 1443 adicit:

467 1531 607 1595 noli
631 1531 952 1615 negligere
966 1530 1270 1614 gratiam
1299 1551 1462 1613 quae
1493 1529 1563 1594 in
1595 1539 1655 1594 te
1682 1541 1790 1595 est.
2792 1546 2814 1591 1
2827 1544 2872 1592 o

465 1680 624 1724 nam
673 1669 741 1724 et
782 1660 1182 1724 sufficienter
1231 1669 1496 1743 poterat
1540 1680 1695 1724 eum
1741 1661 2139 1742 persuadere
2185 1667 2259 1722 ut
2304 1678 2457 1724 cum
2519 1655 2756 1722 sollici-

334 1765 568 1829 tudine
599 1765 940 1830 doctrinae
972 1786 1141 1848 opus
1172 1764 1496 1847 impleret,
1529 1785 1612 1829 eo
1642 1765 1824 1847 quod
1868 1766 1954 1829 ad
1994 1765 2292 1828 diuinam
2326 1763 2756 1826 donationem

333 1869 420 1933 ab
468 1869 594 1934 hac
647 1871 793 1952 ipsa
844 1891 1046 1934 causa
1089 1872 1334 1953 dignus
1374 1869 1570 1934 fuerit
1608 1869 1901 1951 adsequi.
1993 1868 2172 1932 unde
2211 1876 2280 1931 et
2318 1867 2559 1932 mirum
2608 1885 2761 1949 pro-

331 1973 488 2036 bate
547 1974 781 2037 datum
841 1974 1061 2055 ipsum
1122 1993 1366 2057 augere
1423 1972 1717 2056 cupienS,
1778 1980 1855 2035 ut
1916 1972 2132 2054 magis
2195 1967 2545 2053 magisque
2604 1989 2759 2033 eum

337 2077 817 2156 adhortaretur,
846 2079 1050 2142 adicit
1079 2099 1094 2143 ε
2799 2088 2868 2154 15

466 2231 629 2293 quae
685 2211 844 2276 data
901 2223 998 2277 est
1053 2211 1180 2277 tibi
1216 2222 1344 2294 per
1391 2209 1807 2294 prophetiam
1870 2229 2016 2272 cum
2086 2206 2463 2289 inpositione
2530 2225 2767 2269 manus

323 2314 728 2395 presbyterii.

473 2449 662 2508 ‘nam
695 2453 767 2508 et
793 2445 1045 2508 donum
1086 2443 1388 2508 diuinum
1436 2451 1709 2526 propter
1746 2439 1874 2505 hoc
1915 2440 2270 2504 adsecutus
2314 2459 2403 2519 ες,
2434 2458 2551 2522 per
2582 2457 2765 2501 reue-

470 2588 484 2615 ‘
505 2580 948 2649 διδασκαλίαν
967 2585 980 2612 ’
1057 2585 1266 2673 φησὶν
1325 2585 1450 2667 τὴν
1493 2584 1837 2653 ἅπόλυτον
1882 2582 2216 2668 ἐξήγησιν,
2263 2584 2279 2613 ‘
2299 2574 2730 2664 παράκλησιν
2749 2577 2763 2603 ’
2846 2640 2855 2649 ,

339 2682 408 2750 δὲ
452 2683 574 2766 τὴν
618 2684 754 2751 ἀπὸ
796 2690 993 2753 τινῶν
1031 2686 1568 2771 συμβεβηκότων
1607 2687 1958 2755 νουθεσίαν
1996 2713 2070 2752 τε
2107 2684 2223 2752 καὶ
2264 2682 2655 2767 ὑπόμνησιν,
2684 2678 2766 2763 ἣν
2792 2701 2878 2749 20

335 2786 543 2853 ἐνίοτε
584 2788 704 2869 μὲν
748 2792 862 2854 καὶ
907 2790 1020 2857 ἐπὶ
1064 2797 1182 2858 τοῦ
1226 2797 1448 2858 κοινοῦ
1489 2790 1797 2874 ’γίνεσθαι
1846 2787 2121 2874 ἀνάγκη,
2166 2786 2475 2871 μαλίστα
2528 2785 2599 2853 δὲ
2651 2783 2764 2852 καὶ

337 2892 408 2959 ἐν
450 2896 594 2962 ταῖς
639 2893 802 2979 πρὸς
845 2892 962 2959 τὸν
1006 2894 1154 2960 καθ’
1205 2894 1319 2960 ἕνα
1362 2893 1763 2979 διαλέξεσιν.

441 3050 467 3083 2
503 3034 771 3083 lectionem
811 3050 844 3083 r
1151 3052 1178 3101 3
1214 3036 1336 3087 dicit
1353 3053 1395 3086 e.
1423 3037 1530 3087 abs,
1559 3054 1691 3087 narr.
1716 3053 1819 3087 non
1835 3045 1994 3087 exort-
2018 3051 2139 3085 uero
2172 3035 2281 3085 siue
2303 3050 2439 3084 conS.
2470 3033 2609 3082 illam
2632 3048 2767 3083 eom·

338 3116 614 3165 monitione
647 3116 780 3179 (corr
809 3117 1275 3181 commonitionum)
1314 3120 1359 3168 C
1392 3119 1514 3169 dicit
1543 3135 1589 3168 e.
1613 3120 1722 3169 abs.
1758 3134 1888 3169 narr.
1924 3134 2026 3168 non
2054 3126 2208 3168 exort.
2238 3117 2281 3167 si
2302 3132 2424 3167 uero
2458 3131 2593 3165 cons.
2628 3114 2769 3164 illam

340 3197 781 3246 commonitionem
803 3198 872 3247 Η
905 3213 1008 3247 non
1029 3200 1151 3250 dicit
1181 3216 1226 3250 e.
1249 3200 1358 3249 abs.
1387 3215 1517 3249 narr.
1542 3200 1633 3249 sed
1665 3200 1858 3249 exhort.
1889 3199 1995 3249 siue
2024 3198 2343 3249 collationem
2377 3197 2515 3246 illam
2549 3211 2769 3247 commo·

340 3279 532 3327 tionem
554 3294 616 3329 r:
649 3276 710 3342 cf
729 3280 888 3341 qand
903 3287 1015 3329 note
1257 3295 1285 3345 5
1321 3281 1675 3347 accedentibus
1714 3280 1796 3330 C*
1814 3296 1846 3329 r
2071 3278 2103 3329 6
2136 3279 2227 3329 illa
2249 3282 2343 3340 (om
2366 3279 2439 3339 in)
2462 3276 2545 3328 C*
2570 3278 2709 3326 illam
2740 3292 2773 3326 r

345 3376 397 3409 11
436 3358 484 3408 ei
507 3375 540 3407 r
693 3375 751 3409 η
787 3358 999 3425 implere
1021 3360 1105 3411 G*
1309 3378 1367 3425 13
1401 3362 1618 3426 amplius
1642 3360 1756 3426 (for
1774 3362 1883 3412 mir.
1912 3360 2080 3425 prob.)
2105 3376 2138 3409 r
2336 3372 2391 3421 15
2427 3358 2693 3407 adhortare
2714 3358 2783 3407 H

349 3441 407 3492 16
441 3442 750 3507 impositioni
771 3442 841 3491 Η
1128 3460 1188 3511 19
1221 3460 1296 3509 sq.
1333 3444 1487 3495 Coisl.
1517 3460 1633 3508 204,
1654 3443 1688 3495 s.
1719 3458 1814 3508 ²03
1836 3458 1867 3492 a
1902 3442 2009 3505 [Cr.
2036 3442 2121 3493 vii.
2151 3440 2231 3505 36,
2258 3440 2342 3491 Fr.
2376 3440 2490 3503 153]
2525 3440 2772 3502 θεόδωρος.

347 3524 683 3579 διδασκαλίαν,
709 3526 855 3573 κ.τ.λ.

412 3676 456 3725 3.
525 3662 646 3712 dicit
684 3664 818 3713 enim
865 3665 1160 3726 doctrinam,
1207 3665 1323 3728 δια]
1396 3666 1510 3716 The
1611 3662 1942 3723 παιδεύματα·
2006 3661 2095 3723 τὴν
2141 3662 2195 3711 δὲ
2242 3658 2547 3725 πἰιριίιιλῖκΐῑῐν
2590 3657 2623 3720 ἦ
2667 3658 2777 3710 70ύῖ

347 3746 505 3796 MSS.
527 3761 610 3795 are
623 3746 677 3795 in
699 3745 978 3807 confusion,
1008 3746 1177 3812 owing
1190 3755 1244 3797 to
1258 3748 1345 3797 the
1359 3748 1509 3797 omis·
1609 3743 1907 3804 ἀθυμοῦντας
1932 3744 2253 3808 ψυχαγωγεῖν
2272 3740 2305 3803 ἦ
2322 3741 2431 3791 τούς
2443 3738 2777 3805 ὀργιςυμένους

349 3828 460 3876 sion
491 3826 550 3875 of
563 3828 902 3877 exhortationi
930 3830 983 3880 in
1017 3829 1104 3879 the
1137 3838 1260 3880 text.
1330 3830 1356 3879 1
1378 3830 1510 3879 have
1610 3829 1717 3877 ταῖς
1734 3827 2028 3890 συμβουλαῖς
2048 3823 2392 3889 μεταβάλλειν.

349 3908 697 3957 endeavoured
729 3916 782 3957 to
803 3918 989 3959 restore
1014 3910 1098 3960 the
1125 3920 1360 3961 sentence
1381 3911 1510 3960 from
1679 3910 1727 3957 8.
1774 3906 1783 3911 ’
1806 3902 2429 3971 pernmnere...doctrinae]
2473 3901 2777 3963 εέπιμένειν

348 3989 436 4039 the
459 3990 580 4049 Gk„
607 3990 774 4040 which
796 3990 888 4040 has
911 3992 1214 4057 fortunately
1237 3993 1488 4042 survived.
1612 3990 1677 4052 τῇ
1712 3990 2016 4051 διδασκαλίᾳ.
2092 3989 2205 4038 The
2238 3987 2390 4037 Latin
2434 3984 2777 4039 construction

413 4071 644 4133 absolute]
713 4070 754 4122 1.
799 4088 851 4137 q.
887 4074 1158 4123 absolutam
1213 4076 1316 4136 (see
1369 4073 1514 4135 Gla),
1622 4073 1665 4122 is
1704 4072 1827 4122 used
1884 4071 2046 4136 infra,
2102 4087 2151 4125 v.
2205 4069 2282 4121 16.
2374 4070 2771 4119 placabilitate-2

347 4154 360 4178 ‘
381 4153 604 4216 general,
649 4153 862 4203 without
912 4153 1160 4205 reference
1196 4163 1250 4205 to
1295 4155 1381 4205 the
1427 4156 1520 4205 eir.
1625 4154 1813 4213 ἠπίωςῖ

348 4239 660 4281 cumstances
715 4232 774 4281 of
814 4233 900 4282 the
949 4233 1251 4284 individuals
1297 4235 1522 4284 address-
1697 4232 1772 4285 16.
1844 4234 2047 4296 manus]
2100 4233 2214 4284 The
2237 4234 2388 4283 Latin
2410 4234 2633 4284 versions
2652 4235 2785 4285 have

346 4314 446 4365 ed.’
515 4315 594 4366 Cf.
640 4315 820 4366 Thdt.=
865 4316 1171 4379 παράκλησις
1212 4318 1265 4366 δὲ
1300 4320 1523 4367 διδασκα-
1625 4334 1891 4377 manuum,
1916 4318 1966 4366 in
1993 4318 2301 4368 accordance
2323 4317 2445 4367 with
2468 4317 2555 4367 the
2586 4317 2689 4368 Gk.

346 4399 453 4448 Mas
514 4396 733 4461 διαφέρει
790 4395 860 4461 τῷ
911 4396 1004 4459 τὴν
1064 4400 1154 4457 μὲν
1209 4400 1524 4449 διδασκαλίαν
1696 4401 1769 4451 18.
1831 4406 1929 4464 per
1963 4398 2324 4461 reuelationem]
2392 4398 2471 4451 Cf.
2509 4412 2570 4449 11.
2611 4416 2663 4465 p.
2700 4399 2783 4458 82,

352 4478 604 4529 ἀκωλύτως
646 4478 966 4543 [ὀπολῦτωςῖ]
998 4478 1199 4545 διάφορα
1230 4478 1524 4546 προσφέρειν
1624 4484 1658 4532 1.
1686 4500 1703 4532 1
1719 4499 1758 4544 1,
1787 4490 1921 4534 note.
