3250 5025
511 291 598 356 86
1175 313 1632 367 THEODORUS
1682 312 2268 366 MOPSUESTENUS
2629 301 2747 385 [ΙΙ.
2790 319 2840 378 1,
2873 317 2929 365 2.

512 481 914 548 sustinemus
945 486 1031 548 ad
1068 484 1290 550 Deum
1323 506 1667 564 recurrere,
1701 485 1814 568 qui
1853 493 2093 569 potens
2122 495 2225 550 est
2255 505 2378 549 suo
2407 483 2662 552 auxilio
2699 485 2933 548 sedare

513 583 820 648 uniuersa
861 587 974 652 illa
1018 609 1190 670 quae
1235 590 1320 652 ad
1365 589 2046 670 nostrampertinent
2094 587 2489 652 molestiam.
2578 587 2705 651 hoc
2746 595 2933 672 ‘pos-

513 690 935 754 tulationem'
977 690 1173 766 dixit,
1213 710 1295 753 eo
1337 690 1517 772 quod
1561 710 1682 772 pro
1729 689 1859 752 illis
1905 710 2077 772 quae
2121 690 2315 753 nobis
2358 700 2734 773 repugnant
2783 691 2935 754 Deo

512 794 881 858 orationem
914 793 1192 857 adsidue
1224 793 1470 857 factam
1501 795 1746 857 uiduae
1776 793 2203 870 adsimilauit,
2236 814 2408 877 quae
2444 796 2532 858 ab
2573 795 2934 858 aduersarii

447 898 817 978 5potentia
882 917 954 958 se
1018 896 1278 959 liberari
1338 896 1747 977 postulabat.
1868 915 2024 959 nam
2089 895 2245 978 quia
2305 897 2483 961 dixit
2535 899 2933 978 ‘gratiarum

513 999 883 1076 actionem,’
934 998 1210 1062 euidens
1262 1009 1366 1063 est
1417 1000 1735 1082 quoniam
1796 1000 2043 1063 habere
2092 1000 2304 1082 possit
2355 1001 2796 1064 differentiam
2848 999 2936 1062 ab

513 1102 830 1179 oratione,
884 1103 1200 1185 quoniam
1266 1104 1456 1166 aliter
1507 1103 1779 1186 quidem
1834 1103 2357 1185 postulationem
2411 1103 2615 1168 habet
2667 1104 2931 1167 illorum

515 1225 688 1288 quae
736 1207 980 1270 desunt
1028 1207 1098 1270 in
1150 1227 1312 1284 usu;
1383 1208 1747 1290 gratiarum
1802 1228 1961 1270 uero
2015 1208 2190 1271 actio
2242 1228 2365 1290 pro
2417 1206 2522 1270 his
2575 1227 2749 1289 quae
2802 1207 2935 1268 iam

515 1310 836 1392 praestita
887 1320 1044 1374 sunt
1103 1309 1398 1374 efficitur.
1511 1320 1578 1374 et
1623 1331 1745 1392 pro
1806 1310 2049 1393 quibus
2108 1309 2273 1374 haec
2334 1310 2474 1373 fieri
2533 1311 2939 1374 conueniant

412 1429 492 1477 10
518 1412 806 1479 docens:

635 1556 762 1629 pro
790 1544 1086 1609 omnibus
1112 1544 1495 1611 hominibus.

651 1673 718 1737 in
751 1693 1106 1738 commune
1120 1685 1246 1757 pro
1277 1674 1575 1738 omnibus
1601 1673 1971 1738 hominibus
1998 1674 2244 1739 debere
2286 1696 2402 1739 eos
2434 1675 2757 1740 sollicitos
2790 1695 2935 1740 esse

519 1776 857 1861 praecipit.
922 1797 1078 1840 nam
1113 1778 1167 1839 is
1197 1778 1310 1859 qui
1343 1797 1464 1859 pro
1494 1777 1806 1840 omnibus
1837 1776 2216 1840 hominibus
2247 1776 2376 1841 hoc
2407 1778 2621 1841 facere
2654 1779 2934 1858 iubetur,

520 1882 796 1945 euidens
848 1890 950 1944 est
985 1881 1302 1963 quoniam
1347 1891 1416 1945 et
1459 1901 1580 1963 pro
1626 1881 1939 1944 omnibus
1990 1880 2507 1945 sollicitudinem
2552 1883 2937 1963 expendere

415 1999 486 2067 15
521 1986 798 2050 iubetur.
886 1984 1130 2048 deinde
1160 1985 1245 2049 ad
1278 1984 1393 2047 illa
1422 2005 1594 2067 quae
1625 2004 1890 2049 summa
1920 2004 2065 2048 esse
2094 1985 2409 2050 uidentur
2431 1987 2603 2051 inter
2630 1987 2937 2051 homines

519 2087 796 2154 transit:
1816 2082 1821 2086 ’

636 2235 763 2308 pro
791 2222 1048 2308 regibus
1078 2223 1345 2308 (inquit)
1376 2232 1440 2287 et
1464 2223 1762 2287 omnibus
1790 2226 1908 2306 qui
1936 2223 2007 2288 in
2034 2223 2436 2290 sublimitate
2462 2237 2631 2290 sunt.

654 2360 723 2416 et
753 2351 1111 2416 ostendens
1142 2350 1460 2432 quoniam
1493 2359 1560 2413 et
1591 2349 1719 2413 hoc
1750 2349 2003 2414 lucrum
2038 2351 2124 2414 sit
2154 2371 2423 2416 eorum:

655 2496 744 2551 ut·
778 2484 1062 2569 quietam
1111 2486 1377 2570 (inquit)
1427 2495 1492 2550 et
1535 2486 1961 2569 tranquillam
2007 2487 2217 2553 uitam
2260 2509 2541 2572 agamus
2578 2509 2721 2555 cum
2764 2491 2953 2555 omni

414 2608 500 2657 20
511 2590 755 2676 pietate
781 2600 846 2654 et
868 2591 1222 2655 sobrietate.

660 2702 752 2765 ‘si
801 2703 979 2765 enim
1021 2710 1096 2765 ut
1143 2700 1546 2765 conueniens
1594 2712 1701 2765 est
1744 2702 1812 2765 in
1862 2722 2029 2785 pace
2069 2702 2164 2767 illi
2208 2703 2596 2786 deguerunt,
2628 2705 2947 2788 possibile

528 2817 630 2873 est
681 2816 751 2871 et
797 2827 920 2870 nos
972 2804 1524 2888 tranquillitatem
1585 2805 1879 2869 fruentes
1932 2808 2165 2888 pietati
2236 2808 2579 2872 intendere
2638 2818 2705 2872 et
2763 2807 2947 2873 uitae

633 2957 654 2993 1
691 2940 954 2991 dominum
977 2939 1092 3005 (for
1109 2939 1278 2995 deum)
1300 2956 1334 2989 a
1483 2995 1493 3011 ¹
1531 2956 1558 2989 ο
1592 2941 1722 2991 dixit
1750 2942 2114 3007 postulationes
2134 2960 2167 2992 a

529 3032 634 3073 tum
663 3022 779 3088 (sor
799 3019 1000 3086 factam)
1025 3039 1057 3071 r
1081 3019 1089 3085 Ι
1119 3020 1414 3071 aduersariis
1437 3022 1502 3071 H
1692 3036 1719 3087 5
1754 3024 2027 3088 postulabit
2056 3024 2127 3073 C*

535 3118 596 3154 10
627 3102 820 3154 doceris
858 3117 891 3150 r
1109 3116 1166 3150 12
1201 3100 1487 3150 hominibus
1519 3117 1598 3150 om
1633 3117 1667 3151 r

532 3200 589 3235 21
628 3184 890 3249 deguerint
917 3184 962 3232 C
983 3180 1130 3247 (corr)
1156 3200 1188 3233 r

2364 2961 2396 3007 4
2429 2944 2667 2995 faciamus
2688 2944 2824 3009 quod
2846 2944 2946 2995 fac-

2324 3040 2357 3092 9
2391 3026 2655 3075 conueniat
2686 3026 2731 3075 C
2754 3026 2902 3087 (corr)
2916 3043 2951 3075 r

1886 3118 1942 3167 13
1976 3104 2228 3169 praecepit
2262 3120 2297 3154 r
2508 3108 2567 3156 18
2600 3113 2651 3155 et
2673 3104 2764 3169 (2⁰)
2788 3121 2865 3154 om
2888 3106 2959 3155 H

1360 3198 1421 3233 υ
1457 3182 1643 3235 faciens
1667 3184 1781 3249 (sor
1802 3183 2040 3250 fruentes)
2065 3202 2098 3235 r

595 3320 644 3363 4.
715 3298 902 3348 uiduae
947 3296 1284 3358 adsimilauit]
1351 3298 1452 3347 Le.
1492 3300 1693 3357 ἔντευξις

531 3382 573 3431 is
595 3398 626 3431 a
649 3381 902 3443 προσευχὴ
933 3379 1177 3439 ἐκδίκησιν
1211 3382 1534 3445 ἑξαιτούμενη.
1609 3382 1691 3431 Cf.

483 3498 490 3504 ·
533 3465 587 3515 S.
614 3463 758 3513 Luke
783 3462 914 3513 xviii.
947 3478 974 3526 3
998 3460 1375 3524 χήρα...ἥρχετο
1408 3465 1525 3525 πρὸς
1550 3465 1697 3513 αὐτὸν

531 3547 770 3605 λέγουσα·
793 3543 1104 3601 ἐκδίκησόν
1135 3560 1204 3601 με
1224 3540 1322 3591 ἀπὸ
1340 3545 1427 3591 τοῦ
1457 3542 1694 3593 ἀντιδίκου

531 3644 640 3685 μου.
703 3626 752 3675 It
775 3626 818 3673 is
841 3622 1049 3673 difficult
1073 3630 1126 3672 to
1147 3624 1375 3673 discover
1396 3640 1495 3687 any
1515 3640 1693 3674 reason

532 3709 610 3759 sor
631 3707 887 3772 assigning
910 3713 960 3754 to
985 3706 1186 3765 ἔντευξις
1208 3706 1306 3754 this
1329 3706 1515 3772 special
1537 3706 1687 3767 force,

531 3790 702 3841 unless
735 3789 774 3838 it
807 3790 873 3838 be
905 3786 1059 3837 found
1093 3788 1146 3837 in
1177 3788 1324 3837 Rom.
1349 3804 1399 3836 x.
1425 3803 1452 3837 2
1481 3787 1694 3852 (euru-y·

533 3871 709 3933 χάνει
750 3864 820 3928 τῷ
865 3863 960 3928 θεῷ
1002 3868 1150 3915 κατὰ
1194 3868 1281 3915 τοῦ
1325 3864 1584 3930 Ἰσραήλ);
1630 3869 1693 3919 cf.

537 3951 707 4001 Amal.
740 3949 800 3998 de
829 3948 910 4013 qffi.
950 3960 1027 3999 lv·
1067 3961 1146 4011 45.
1221 3948 1291 3998 At
1333 3964 1354 3997 1
1390 3950 1523 3999 Tim.
1549 3951 1612 4001 iv.
1646 3964 1691 4013 5,

533 4033 701 4083 where
733 4031 834 4081 this
865 4046 1008 4081 sense
1045 4031 1087 4080 is
1123 4030 1308 4095 clearly
1339 4032 1694 4097 inapplicable‚

535 4113 632 4163 Th.
673 4128 842 4177 passes
875 4127 942 4162 on
973 4110 1185 4161 without
1223 4114 1435 4172 remark,
1471 4115 1571 4163 and
1605 4130 1699 4163 our

537 4193 802 4243 translator
837 4192 878 4241 is
915 4197 1121 4241 content
1157 4198 1208 4240 to
1247 4192 1404 4257 adopt
1447 4192 1534 4242 the
1572 4193 1697 4243 Vul-

538 4272 653 4337 gate
675 4270 940 4335 rendering
951 4270 1391 4334 pen-,orationem

609 4367 652 4417 7.
725 4353 872 4402 aliter
904 4350 1123 4416 quidem]
1193 4350 1247 4401 1f
1275 4352 1374 4402 this
1411 4355 1614 4419 reading
1654 4356 1697 4406 is

1792 3307 1982 3349 correct
2002 3300 2085 3349 the
2102 3302 2287 3350 second
2302 3300 2526 3351 member
2540 3301 2601 3351 of
2614 3300 2700 3352 the
2716 3309 2949 3353 sentence

1792 3379 1972 3428 should
1998 3379 2146 3443 begin
2170 3380 2290 3429 with
2312 3380 2459 3429 aliter
2486 3398 2615 3441 uero,
2644 3382 2743 3431 and
2776 3382 2841 3432 be
2874 3399 2949 3433 re-

1794 3460 2045 3511 modelled
2068 3462 2404 3527 accordingly.
2468 3462 2569 3513 But
2592 3464 2739 3513 aliter
2749 3465 2792 3514 is
2814 3465 2950 3514 awk-

1794 3542 1932 3590 ward
1965 3542 2017 3591 in
2051 3558 2150 3606 any
2170 3558 2300 3603 case,
2338 3544 2439 3592 and
2472 3560 2537 3592 an
2571 3560 2705 3594 error
2736 3560 2854 3610 may
2886 3544 2952 3595 be

1794 3623 2057 3687 suspected
2075 3641 2090 3683 ς
2110 3624 2215 3687 for.
2245 3625 2330 3689 leg.
2360 3626 2533 3675 altera.

1867 3718 1938 3769 19.
2010 3720 2124 3753 cum
2157 3707 2300 3755 omni
2317 3704 2399 3770 p.]
2438 3706 2527 3756 All
2562 3706 2645 3756 the
2680 3708 2828 3771 Latin
2867 3724 2952 3758 au·

1795 3786 2023 3836 thorities
2045 3789 2237 3848 render,
2266 3789 2319 3837 in
2342 3788 2617 3839 obedience
2640 3797 2693 3839 to
2716 3790 2800 3841 the
2823 3791 2925 3841 Gk.
2932 3828 2951 3854 ,

1802 3869 1906 3918 “in
1944 3870 2082 3919 omni
2118 3868 2204 3935 p.'’

1864 3967 1890 4001 2
1901 3968 1944 4001 1.
2008 3951 2357 4016 deguerunlJ.=
2368 3952 2608 4018 degerunt
2628 3971 2643 4013 ς
2666 3954 2728 4003 cf.
2754 3956 2959 4021 degeant

1799 4032 1989 4095 (supra,
2014 4047 2065 4096 p.
2090 4044 2165 4096 77,
2195 4034 2229 4082 1.
2256 4036 2303 4095 8,
2322 4050 2404 4083 vv.
2422 4034 2520 4095 lt).
2570 4035 2679 4085 The
2702 4036 2831 4085 lexx.
2858 4037 2957 4088 cite

1798 4129 1829 4162 a
1850 4113 2079 4164 doubtful
2102 4130 2175 4163 ex.
2196 4114 2324 4164 from
2348 4116 2601 4165 Ausonius
2616 4117 2704 4181 (ep.
2726 4118 2835 4178 17);
2870 4118 2956 4169 the

1796 4194 1925 4245 form
1960 4196 2002 4244 is
2036 4196 2142 4249 also
2176 4197 2329 4248 found
2362 4197 2415 4248 in
2453 4198 2715 4250 Ennodius
2747 4198 2799 4263 (†
2816 4198 2953 4266 521),

1787 4286 1966 4341 paneg.
1993 4294 2065 4343 19.
