3250 5025
288 380 368 444 V.
406 377 494 462 9.]
983 393 1066 443 IN
1117 394 1221 444 ΕΡ.
1268 393 1370 443 AD
1416 392 1885 446 TIMOTHEUM
1932 394 1978 443 1.
2592 381 2715 456 159

286 575 678 640 statuerunt,
732 575 1114 629 utrumnam
1167 565 1476 629 mulieres
1530 567 1939 629 diaconissas
1988 575 2145 629 ante
2193 563 2367 628 hanc
2420 572 2713 627 aetatem

286 670 573 733 ordinari
623 670 896 733 minime
945 671 1318 734 conueniat.
1408 691 1566 752 erga
1619 692 1787 752 quas
1846 671 1953 734 uel
2005 669 2303 732 maxime
2353 669 2419 732 id
2471 667 2715 732 debere

287 773 622 837 obseruari
655 773 1228 849 existimauerunt,
1259 795 1340 836 eo
1371 775 1550 856 quod
1600 775 1665 837 in
1713 774 1943 836 maiori
1986 774 2217 837 ordine
2262 793 2302 834 a
2333 772 2551 835 uiduis
2583 771 2716 832 sint

289 877 795 960 producendae}
850 897 1064 958 neque
1125 877 1286 940 illud
1349 877 1813 958 intellegentes
1873 877 2190 958 quoniam
2254 875 2307 938 si
2364 875 2429 936 in
2484 894 2713 936 earum

289 981 705 1044 ordinatione
737 981 802 1044 id
837 982 1190 1044 obseruare
1240 983 1551 1056 decreuit,
1587 982 1703 1044 sed
1752 980 1965 1044 multo
1997 981 2213 1062 magis
2252 999 2411 1060 erga
2442 977 2715 1060 presby-

289 1093 465 1146 teros
510 1093 578 1146 et
618 1084 968 1165 episcopos
1011 1085 1076 1147 id
1125 1085 1462 1147 custodire
1505 1083 1993 1165 praecepisset;
2040 1083 2219 1164 quod
2266 1081 2539 1144 minime
2571 1101 2717 1162 per-

289 1187 538 1268 spicere
588 1195 970 1268 potuerunt.
1060 1186 1296 1250 beatus
1340 1195 1564 1250 autem
1623 1185 1865 1249 Paulus
1917 1186 2029 1266 qui
2082 1205 2447 1266 numquam
2495 1191 2719 1245 aetate

292 1289 702 1353 functionem
762 1289 1043 1352 credidit
1125 1309 1270 1352 esse
1336 1290 1843 1366 decernendam,
1916 1289 2203 1370 denique
2282 1287 2716 1350 Timotheum

294 1395 511 1476 ipsum
550 1393 747 1457 ualde
789 1393 1097 1457 iuuenem
1146 1403 1494 1458 extantem
1539 1395 1747 1458 tantis
1777 1396 2161 1476 praeposuit
2191 1391 2501 1468 ecclesii5‚
2534 1413 2720 1474 mag-

291 1517 453 1559 num
487 1496 580 1558 illi
611 1517 780 1578 opus
810 1506 879 1560 et
909 1499 1089 1580 quod
1131 1499 1442 1562 omnibus
1479 1499 1874 1581 praecellere
1914 1500 2177 1562 uidetur
2206 1497 2721 1561 committens—

293 1608 361 1663 et
406 1599 532 1664 hoc
575 1599 986 1684 significatur
1030 1622 1151 1684 per
1191 1603 1336 1666 illas
1383 1603 1637 1667 litteras
1678 1625 1845 1687 quas
1886 1605 1971 1668 ad
2019 1624 2170 1668 eum
2204 1602 2427 1685 dirigit
2470 1602 2716 1675 dicenS,

294 1724 474 1766 nemo
544 1703 938 1767 iuuentutem
998 1714 1184 1768 tuam
1243 1708 1892 1790 contempnat—quid
1964 1716 2065 1771 est
2126 1706 2335 1788 ergo?
2453 1704 2719 1768 uirtutis

295 1806 687 1869 industriam
738 1826 873 1869 non
912 1828 1002 1870 ex
1046 1817 1270 1872 aetate
1305 1811 1490 1891 cupit
1536 1809 1802 1886 firmari,
1848 1810 2034 1874 cuius
2078 1809 2185 1873 uel
2232 1809 2532 1872 maxime
2571 1829 2720 1890 pro-

293 1908 634 1971 bationem
666 1908 882 1972 facere
911 1911 1214 1990 uidetur;
1260 1911 1499 1974 sufficit
1541 1913 1720 1976 enim
1770 1912 1882 1976 illa
1913 1923 2099 1976 aetas
2139 1933 2311 1994 quae
2349 1921 2507 1976 ante
2555 1912 2720 1976 haec

293 2021 599 2094 tempora
629 2013 904 2076 nimiam
935 2024 1003 2077 et
1033 2024 1299 2079 cautam
1332 2015 1680 2098 praeberet
1710 2016 2175 2099 probationem
2207 2015 2719 2096 uniuscuiusque

294 2117 636 2199 propositi.
702 2113 910 2198 †quia
941 2138 1100 2180 uero
1130 2118 1374 2182 uiduae
1405 2118 1470 2182 in
1505 2120 1738 2182 ordine
1769 2117 2350 2182 constituebantur
2377 2121 2719 2184 ecclesias-

295 2220 431 2283 tico
479 2229 554 2282 ut
606 2220 1121 2284 ecclesiasticam
1183 2222 1555 2305 potirentur
1611 2223 2121 2305 prouidentiam,
2185 2223 2434 2287 multae
2493 2233 2718 2288 autem

295 2334 486 2388 erant
546 2345 718 2407 quae
777 2325 956 2388 uiros
1014 2327 1376 2390 amiserant
1450 2347 1623 2409 quae
1684 2347 1819 2390 non
1881 2328 2205 2390 uirtutum
2267 2327 2490 2390 studio
2550 2326 2724 2390 inter

297 2429 534 2492 uiduas
575 2449 646 2491 se
686 2429 1146 2492 connumerari
1211 2428 1546 2506 uolebant,
1579 2430 1696 2493 sed
1743 2438 1819 2492 ut
1870 2429 2385 2494 ecclesiasticam
2428 2431 2723 2496 fruentes

2757 1517 2837 1566 10

297 2533 746 2615 prouisionem
785 2554 1009 2597 secure
1050 2534 1164 2597 illa
1199 2554 1372 2616 quae
1414 2534 1500 2599 ad
1544 2555 1737 2598 usum
1778 2535 2114 2616 pertinent
2150 2535 2558 2617 corporalem
2604 2534 2722 2598 ha·
2753 2558 2839 2606 20

245 2674 266 2689 ο
299 2637 535 2701 bentes
572 2637 779 2699 uitam
813 2658 1002 2701 suam
1035 2639 1402 2720 transigere
1434 2647 1724 2721 possent,
1757 2659 1847 2703 ex
1878 2638 2005 2703 hac
2034 2660 2195 2703 uero
2225 2640 2481 2704 ratione
2514 2639 2725 2703 multa

431 2764 587 2833 ἀλλ’
636 2766 863 2848 ἐπειδὴ
925 2769 1360 2852 κατελέγοντο
1419 2774 1628 2861 χῆραι
1687 2769 1797 2837 διὰ
1854 2769 1930 2835 τὸ
1989 2773 2107 2851 τῆς
2166 2770 2726 2853 ἐκκλησιαστικῆς

298 2868 680 2952 ἐπιμελείας
721 2868 1090 2953 ἀξιοῦσθαι,
1123 2871 1241 2939 οὐκ
1277 2872 1510 2961 α’ρετῆς
1549 2872 1869 2965 ἐπιθυμία
1899 2872 2019 2955 τὴν
2047 2872 2324 2964 χηρείαν
2361 2880 2728 2958 μετιοῦσαι,

303 2972 456 3039 ἀλλ’
490 2971 666 3040 ὥστε
705 2974 1072 3062 ἀμερίμνως
1103 2974 1224 3045 τὰς·
1253 2976 1642 3061 σωματικὰς
1685 2978 1760 3044 ἐκ
1790 2980 1905 3060 τῆς
1937 2977 2296 3059 ἐκκλησίας
2338 2978 2727 3066 πορίζεσθαι

301 3076 546 3165 χρείας,
590 3078 665 3143 ἐκ
709 3076 777 3144 δὲ
821 3077 1058 3145 τούτου
1102 3085 1398 3147 πλεῖστα
1444 3080 1530 3152 ὥς
1576 3079 1748 3151 εἰκὸς
1793 3080 2171 3147 ἐπετελεῖτο
2216 3080 2415 3147 κακά.
2432 3132 2445 3146 .
2461 3132 2475 3148 .

403 3231 431 3280 3
466 3216 824 3267 existimauerit
853 3215 929 3266 C*
981 3217 1374 3268 existimauerim
1403 3220 1448 3268 C
1469 3216 1614 3283 (corr)
1662 3218 2047 3267 aestimauerunt
2073 3235 2105 3266 r
2296 3240 2327 3283 4
2362 3234 2531 3270 eorum
2561 3221 2607 3269 C
2623 3220 2692 3270 H
2700 3237 2733 3269 r

306 3311 334 3362 5
370 3300 622 3349 obseruari
650 3300 692 3348 C
714 3296 861 3363 (corr)
886 3315 920 3347 r
1080 3301 1112 3349 ὁ
1147 3301 1385 3350 custodiri
1414 3301 1458 3349 C
1479 3301 1629 3361 (corr)
1660 3298 1667 3364 Ι
1698 3299 1899 3348 nemine
1924 3300 2038 3364 (for
2057 3296 2200 3363 min.)
2224 3300 2293 3349 H
2448 3314 2475 3365 7
2510 3302 2728 3366 potuerit

311 3380 356 3429 C
379 3377 386 3443 Ι
417 3379 502 3444 qui
524 3394 602 3427 om
626 3394 658 3427 r
681 3376 691 3443 Ι
720 3379 872 3428 aetati
898 3379 944 3427 C
961 3379 1032 3429 H
1069 3396 1159 3444 per
1180 3388 1396 3430 aetatem
1421 3396 1453 3427 r
1601 3380 1633 3427 8
1667 3395 1783 3428 nam
1820 3376 1934 3441 (for
1954 3376 2189 3442 denique)
2216 3395 2249 3427 r
2414 3396 2468 3430 11
2506 3380 2729 3445 signatur

306 3461 377 3510 H
643 3474 700 3509 12
735 3459 1036 3509 condemnat
1059 3475 1091 3508 r
1115 3458 1124 3523 Ι
1154 3461 1276 3525 quid
1299 3476 1418 3524 ergo
1440 3466 1516 3509 est
1537 3461 1605 3509 H
1655 3475 1740 3524 qu.
1766 3476 1811 3509 e.
1836 3466 1909 3508 est
1932 3458 2030 3508 hoc
2051 3460 2187 3523 quod
2212 3459 2332 3508 dicit
2356 3476 2389 3507 r
2670 3475 2728 3524 14

305 3548 422 3591 ante
443 3542 524 3591 his
546 3542 852 3605 temporibus
880 3542 923 3590 C
941 3542 1010 3590 H
1205 3556 1262 3605 15
1296 3542 1580 3607 praebuerit
1604 3557 1637 3589 r
1834 3555 1893 3605 19
1925 3540 2223 3589 commorari
2251 3541 2296 3589 C
2303 3537 2330 3563 ⁴*
2351 3542 2420 3590 H
2432 3557 2466 3589 r
2666 3558 2724 3592 21

305 3626 499 3692 possint
527 3622 604 3673 C*
627 3623 695 3671 H
711 3622 720 3688 Ι
751 3623 995 3672 rationem
1022 3620 1100 3672 C*
1361 3636 1422 3672 22
1457 3638 1530 3686 sq.
1560 3620 1718 3671 Coisl.
1754 3634 1864 3683 204,
1892 3619 1926 3671 f.
1958 3636 2053 3683 204
2076 3621 2110 3669 b
2134 3622 2242 3683 [Cr.
2278 3620 2361 3670 vii.
2388 3636 2466 3685 39,
2496 3622 2580 3672 Fr.
2616 3624 2729 3687 153]

308 3707 552 3768 θεόδωρος.
620 3704 700 3752 καὶ
732 3702 884 3753 ἄλλος
905 3704 1071 3764 φησίν·
1098 3706 1154 3753 οὐ
1175 3704 1282 3767 περὶ
1309 3700 1406 3752 τῶν
1437 3706 1501 3753 είς
1525 3704 1764 3751 διακονίαν
1787 3704 2091 3764 προαχθῆναι
2114 3698 2409 3764 ὀφειλουσῶν
2430 3704 2729 3765 διαλέγεται,

310 3788 442 3836 ἀλλὰ
491 3786 600 3847 περὶ
633 3786 730 3832 τῶν
771 3785 841 3834 είς
872 3785 930 3833 τὸ
978 3788 1178 3846 χηρικὸν
1219 3786 1636 3847 ἑγκαταλε-γῆναι·
1683 3785 1791 3833 οὐδὲ
1833 3784 1932 3845 γὰρ
1971 3784 2133 3843 ἡλικία
2170 3783 2275 3847 (sic)
2313 3782 2409 3833 τῶν
2454 3786 2517 3834 είς
2553 3786 2729 3847 κλῆρον

310 3865 652 3927 προαγομένων
682 3863 922 3924 ὁρίζεσθαι
943 3866 1057 3925 χρή,
1092 3863 1258 3927 ὥσπερ
1293 3866 1402 3913 οὐδὲ
1433 3862 1504 3913 ἐπ’
1541 3860 1693 3912 αὐτοῦ
1729 3864 1951 3921 τιμοθέου
1980 3864 2007 3912 ό
2042 3862 2315 3913 ἀπόστολος
2347 3860 2492 3913 τοῦτο
2519 3871 2730 3927 παρεφυ-

311 3946 513 4005 λάξατο,
543 3945 675 3992 ἀλλὰ
695 3942 759 4005 τῇ
781 3941 930 4006 ἀρετ-ἣ
957 3948 1049 4008 τὴν
1072 3948 1358 4007 δοκιμασίαν
1385 3930 1775 4010 χαρακτηρίζειν.
1843 3945 1956 3995 ἀλλ’
1980 3947 2163 4005 ἐπειδή,
2191 3946 2339 3994 κ.τ.λ.

387 4076 430 4110 1.
497 4060 1476 4124 statueruntutrumnam...min.conu.]
1577 4060 1811 4110 however
1849 4059 1935 4108 the
1968 4058 2168 4110 remark
2207 4059 2266 4109 of
2297 4060 2505 4125 Chrys-2
2554 4064 2725 4127 βαβαί,

316 4142 427 4193 Our
447 4138 716 4191 translator
745 4140 836 4193 has
858 4139 1078 4191 blended
1113 4141 1200 4191 the
1223 4150 1324 4192 two
1357 4158 1475 4192 con·
1577 4144 1737 4202 rhem
1766 4142 2014 4205 ἀκρίβειαν
2042 4143 2243 4191 ἀπαιτεῖ
2258 4146 2393 4205 παρὰ
2424 4142 2520 4193 τῶν
2548 4144 2729 4209 χηρῶν

313 4222 580 4275 structions
598 4222 920 4273 “statuerunt
934 4221 1144 4272 minima
1155 4222 1476 4280 conuenire‚''
1573 4225 1698 4286 ὅσην
1733 4228 1911 4288 σχεδὸν
1948 4226 2027 4275 καὶ
2067 4225 2182 4289 παρ’
2216 4228 2365 4276 αὐτοῦ
2396 4230 2485 4277 τοῦ
2510 4230 2600 4289 τὴν
2627 4232 2734 4279 ἐπι-

315 4306 418 4357 and
468 4308 501 4332 ‘⁴
516 4303 796 4370 percontati
853 4311 968 4355 sunt
1013 4311 1300 4355 utrumnam
1354 4321 1472 4356 con·
1581 4308 1777 4367 σκοπὴν
1796 4308 2015 4369 ἔχοντος.

316 4389 539 4441 ueniat.’'
1644 4402 1690 4452 7.
1756 4404 2037 4452 numquam
2082 4388 2255 4452 aetate]
2340 4389 2436 4441 See
2470 4391 2632 4441 above
2666 4408 2733 4445 on

382 4484 427 4533 5.
527 4468 684 4519 multo
743 4472 899 4532 magis
947 4486 1063 4533 erga
1111 4470 1296 4535 presb]
1387 4468 1466 4517 cf.
1573 4484 1647 4519 ec.
1676 4469 1747 4517 iii.
1775 4482 1819 4531 5,
1848 4469 1912 4520 iv.
1945 4485 2019 4519 ω.

2756 3107 2833 3175 25
