3250 5025
482 384 603 449 192
1186 367 1642 435 THEODORUS
1690 380 2276 435 MOPSUESTENUS

474 569 613 614 non
670 549 995 616 incertum
1055 560 1159 616 est
1216 552 1534 635 quoniam
1588 546 1993 639 ubicumque
2050 564 2215 621 tunc
2262 557 2662 623 Timotheus
2714 536 2904 624 com-⁴

476 652 876 729 morabatur,
928 675 1051 737 pro
1086 653 1436 720 uoluntate
1470 656 1655 722 beati
1693 658 1884 721 Pauli
1926 658 2013 724 ab
2055 660 2338 725 aliorum
2384 660 2675 727 utilitate
2715 682 2895 727 com-

474 756 877 822 morabatur.
967 777 1124 821 nam
1170 777 1295 822 nec
1340 768 1483 823 erat
1529 760 1850 842 possibile
1895 762 2279 845 apostolum
2325 764 2422 828 sic
2467 765 2756 829 scribere
2804 766 2892 829 ad

474 880 647 938 eum,
680 860 749 924 in
780 861 1021 944 quibus
1051 862 1353 928 laudaret
1378 884 1537 927 eum
1569 875 1639 930 et
1670 885 1841 949 opus
1872 868 2012 931 eius
2044 868 2366 950 reciperet
2397 878 2467 933 et
2498 866 2587 932 de
2617 866 2896 951 singulis

364 979 397 1047 5
475 983 648 1045 quae
678 985 836 1048 erga
866 964 1055 1030 illum
1086 976 1277 1031 erant
1309 967 1772 1046 adfectaretur,
1805 969 1860 1032 si
1893 978 2124 1035 contra
2155 970 2574 1036 uoluntatem
2606 972 2895 1055 apostoli

477 1069 855 1153 relinquens
892 1092 1046 1136 eum
1084 1072 1230 1136 aliis
1276 1071 1437 1137 locis
1478 1061 1593 1137 ubi
1631 1074 1758 1137 sibi
1806 1071 2130 1156 placitum
2185 1074 2402 1140 fuerat
2442 1073 2672 1140 fuisset
2713 1095 2896 1140 com-

479 1181 793 1239 moratus·
880 1174 1107 1239 scribit
1150 1174 1353 1258 igitur
1403 1176 1491 1239 ad
1529 1196 1690 1239 eum
1737 1176 1910 1240 hanc
1958 1177 2332 1259 epistolam.
2421 1198 2556 1243 non
2603 1180 2774 1245 sicut
2826 1180 2895 1243 in

476 1276 692 1358 prima
729 1279 994 1342 instruit
1030 1301 1183 1344 eum
1226 1280 1798 1363 quemadmodum
1853 1282 2240 1346 conueniret
2283 1292 2438 1347 eum·
2485 1284 2570 1348 de
2615 1282 2898 1369 singulis

476 1378 605 1442 illis
648 1379 864 1444 facere
906 1402 1082 1464 quae
1125 1382 1214 1446 ad
1266 1403 1622 1447 com-mune
1674 1394 2142 1448 ornamentum
2204 1384 2524 1451 ecclesiae
2581 1394 2895 1470 poterant

370 1502 451 1552 10
475 1483 847 1564 pertinere;
906 1486 1026 1549 sed
1079 1486 1269 1569 quasi
1317 1486 1433 1569 qui
1472 1486 1875 1551 sufficienter
1923 1508 2076 1552 eum
2117 1488 2187 1552 in
2233 1489 2450 1571 prima
2487 1488 2772 1572 epistola
2806 1491 2894 1554 de

476 1588 786 1653 omnibus
816 1590 1223 1654 instruxerat
1252 1610 1425 1672 quae
1455 1609 1607 1653 eum
1642 1590 1873 1654 instrui
1904 1591 2368 1667 conueniebat,
2397 1590 2572 1655 hanc
2617 1591 2706 1655 ad
2737 1613 2892 1655 eum

476 1690 632 1756 fecit
662 1690 1031 1774 epistolam,
1066 1690 1413 1756 consilium
1445 1692 1613 1755 dans
1645 1692 1705 1756 ei
1738 1692 2068 1776 simulque
2099 1703 2166 1757 et
2206 1691 2692 1778 †commonens
2736 1713 2888 1756 eum

476 1804 552 1859 ut
596 1814 747 1859 cum
796 1816 1061 1859 summa
1097 1794 1441 1877 diligentia
1477 1816 1557 1859 ea
1600 1816 1775 1878 quae
1810 1796 1896 1859 ad
1940 1795 2220 1859 aliorum
2270 1797 2604 1881 pertinent
2641 1794 2890 1860 utilita-

475 1904 614 1962 tem
664 1898 1015 1981 expediret
1058 1919 1210 1966 cum
1264 1899 1449 1961 omni
1493 1896 1878 1977 alacritate;
1943 1907 2012 1962 et
2056 1908 2132 1963 ut
2177 1920 2298 1981 pro
2351 1898 2496 1982 ipsa
2550 1897 2889 1981 praedica-

370 2016 441 2085 15
477 2002 660 2065 tione
700 2002 922 2081 etiam,
963 2002 1020 2065 si
1061 2022 1166 2068 res
1209 2002 1447 2086 exigit,
1480 2022 1603 2066 nec
1647 2001 1956 2084 periculis
1993 2021 2066 2064 se
2109 2001 2450 2066 dubitaret
2492 1999 2888 2067 obiectare*

474 2126 633 2169 nam
682 2112 752 2169 et
797 2104 1084 2189 plurima
1133 2125 1287 2189 pars
1334 2104 1531 2169 huius
1579 2104 1904 2188 epistolae
1951 2104 2081 2169 hoc
2129 2105 2308 2169 idem
2359 2106 2629 2170 uidetur
2665 2107 2890 2189 expri-

476 2230 698 2289 mere3
744 2213 1179 2295 quamobrem
1212 2212 1414 2275 etiarn
1454 2211 1543 2276 de
1572 2230 1662 2285 se,
1692 2209 1922 2294 qualia
1953 2219 2029 2275 et
2069 2219 2324 2295 quanta
2363 2209 2589 2275 multis
2628 2210 2698 2273 in
2727 2210 2894 2275 locis

477 2312 673 2378 fuerit
702 2336 1069 2399 perpessuS‚
1102 2315 1340 2380 referre
1380 2314 1722 2389 adnititur,
1751 2322 1829 2377 ut
1864 2312 1952 2377 ad
1993 2313 2498 2378 similitudinem
2539 2313 2642 2377 sui
2689 2315 2889 2377 etiam

476 2416 663 2481 illum
693 2417 1072 2484 hortaretur
1099 2419 1285 2503 paria
1326 2418 1666 2482 sustinere.
1756 2418 1827 2481 in
1874 2418 2096 2482 media
2136 2440 2296 2482 uero
2343 2427 2532 2501 parte
2569 2415 2893 2501 epistolae

364 2606 451 2655 20
608 2584 931 2673 διεγείρων
988 2583 1181 2652 αὐτὸν
1238 2585 1331 2656 εἷς
1387 2583 1464 2651 τὰ
1524 2583 1697 2668 μετὰ
1754 2583 2048 2667 σπουδῆς
2107 2584 2196 2649 τὰ
2259 2582 2425 2672 ὖπὲρ
2484 2585 2602 2666 τῆς
2661 2578 2894 2664 ἑτέ-ρων

477 2688 799 2768 ὠφελείας
858 2689 1187 2755 ἐπιτελεῖν
1256 2687 1383 2754 σὺν
1452 2685 1669 2773 ἡδονῇ,
1727 2687 1843 2754 καὶ
1901 2685 1991 2753 'ro‘
2055 2687 2354 2775 πάσχειν
2414 2684 2580 2771 ὑπὲρ
2645 2682 2894 2750 τούτων

477 2789 875 2881 αἱρούμενον.

580 2951 603 2986 1
639 2937 894 3002 quomodo
938 2933 1055 3002 (sor
1092 2936 1351 3002 quoniam)
1394 2937 1467 2988 H

479 3030 507 3081 5
544 3018 853 3068 effectaretur
879 3019 1053 3068 CHr
1153 3009 1165 3016 ’
1276 3019 1310 3070 6
1343 3019 1583 3069 fuisseH

475 3113 793 3152 communem
822 3098 898 3148 C*
922 3099 992 3149 H

474 3188 525 3230 et
549 3181 648 3245 (ast
666 3181 867 3246 exped.)
892 3182 998 3232 add
1011 3199 1045 3231 r

474 3257 699 3308 hortetur
721 3273 754 3307 r
948 3273 1012 3308 ἰο
1044 3257 1203 3309 Coisl.
1236 3257 1271 3308 l.
1290 3274 1333 3308 c.

540 3413 591 3448 α.
656 3398 718 3448 ab
746 3398 961 3448 aliorum
994 3399 1226 3462 utilitate]
1290 3400 1407 3450 For.
1444 3398 1544 3464 leg.
1580 3399 1640 3450 ob

474 3479 546 3529 al.
579 3479 866 3529 utilitatem.
936 3480 1093 3540 Here,
1128 3495 1184 3529 as
1210 3479 1371 3530 above
1406 3481 1476 3545 (p.
1522 3479 1631 3544 189,

476 3562 511 3612 1.
532 3580 566 3625 4
582 3561 701 3626 sq.)‚
728 3561 828 3611 Th.
845 3576 1005 3611 seems
1022 3568 1075 3611 to
1089 3561 1279 3626 qualify
1294 3561 1381 3611 the
1398 3562 1637 3612 tradition

476 3643 640 3694 which
664 3643 812 3692 made
840 3643 1136 3693 Timotheus
1164 3643 1251 3692 the
1274 3643 1380 3693 first
1401 3642 1638 3693 diocoean

476 3723 669 3789 Bishop
690 3723 751 3773 of
776 3724 1005 3789 Ephesus
1036 3724 1243 3785 (Euseb.
1265 3725 1338 3774 H.
1370 3724 1440 3772 E.
1464 3723 1537 3773 iii.
1559 3725 1630 3787 4),

476 3815 565 3857 not
588 3821 713 3856 even
745 3807 975 3870 carrying
1000 3807 1150 3857 down
1178 3807 1259 3857 his
1292 3805 1635 3871 superintend-

476 3901 599 3936 ence
622 3887 679 3937 of
695 3886 781 3937 the
803 3886 1057 3950 Ephesian
1081 3886 1283 3937 Church
1308 3892 1364 3936 to
1386 3886 1473 3936 the
1499 3901 1635 3936 com-

476 3975 791 4019 mencement
822 3968 881 4018 of
909 3969 963 4019 S.
984 3965 1136 4033 John'
1138 3985 1161 4018 s
1195 3967 1449 4018 residence
1484 3967 1565 4031 (cf.
1592 3980 1628 4017 1.

475 4065 527 4114 p.
553 4061 660 4111 115,
683 4049 719 4098 l.
740 4046 839 4112 10).
895 4046 1363 4111 Notwithstanding
1385 4046 1473 4096 the
1504 4046 1638 4096 salu-

475 4130 737 4180 tationsin
759 4144 805 4179 c.
828 4129 894 4178 iv.
928 4144 987 4194 19
1010 4128 1094 4191 [cf.
1122 4130 1249 4178 Acts
1271 4127 1409 4177 xviii.
1436 4143 1513 4189 24,
1544 4126 1634 4185 26;

477 4229 506 4263 α
530 4212 703 4261 Tim-¹
688 4229 724 4261 ι.
756 4212 836 4275 18]
868 4212 933 4262 he
956 4213 1159 4276 regards
1183 4227 1210 4261 α
1236 4211 1368 4260 Tim.
1398 4209 1462 4260 iv.
1498 4224 1554 4259 12
1578 4225 1636 4260 as

475 4291 745 4356 decisively
779 4291 992 4357 proving
1024 4293 1133 4342 that
1171 4293 1226 4342 S.
1260 4290 1501 4354 Timothy
1532 4290 1634 4340 had

474 4375 677 4438 already
712 4375 799 4424 lest
846 4375 1075 4439 Ephesus
1113 4375 1260 4424 when
1304 4375 1391 4425 the
1436 4375 1634 4424 Second

474 4455 669 4521 Epistle
678 4471 781 4506 was
792 4455 1003 4506 written.
1040 4455 1153 4506 ‘But
1170 4455 1213 4504 is
1220 4462 1307 4505 not
1322 4463 1372 4505 at
1383 4455 1629 4519 EphesuS,

1747 2925 1782 2987 ἀ
1817 2935 2136 2987 ob..utilitate
2183 2935 2230 2985 C
2270 2933 2416 3000 (corr)
2450 2931 2825 2984 ad..utilitatem
2865 2943 2899 2977 r

1801 3021 1832 3068 8
1866 3017 2134 3068 conuenire
2154 3018 2223 3067 H
2429 3030 2462 3081 9
2493 3015 2656 3065 facere
2677 3012 2778 3062 illis
2799 3027 2832 3060 r
2854 3009 2864 3074 Ι

1118 3114 1175 3164 13
1210 3114 1339 3164 quae
1360 3099 1472 3149 aliis
1495 3107 1660 3149 essent
1681 3098 1826 3149 utilia
1849 3097 1964 3162 (for
1991 3113 2123 3162 quae
2145 3098 2212 3148 ad
2222 3097 2459 3156 aliorum,
2487 3093 2602 3160 δια.)
2626 3111 2660 3145 r
2836 3108 2896 3155 14

1228 3197 1284 3246 15
1320 3182 1440 3232 exiit
1466 3181 1580 3246 (sor
1598 3180 1773 3245 exigit)
1804 3180 1847 3229 C
1865 3180 1956 3229 H:
1989 3185 2070 3228 txt
2089 3195 2122 3229 r

2331 3179 2390 3228 18
2425 3177 2584 3228 fixerat
2605 3192 2639 3226 r
2835 3187 2897 3240 ¹9

1737 3397 1904 3448 where
1927 3412 2028 3448 was
2046 3395 2116 3446 he
2138 3403 2190 3446 at
2212 3394 2313 3445 this
2330 3393 2488 3445 time?
2512 3393 2613 3444 and
2635 3391 2770 3442 what
2795 3405 2898 3441 was

1737 3482 1825 3533 the
1837 3489 2013 3531 nature
2027 3479 2085 3530 of
2098 3479 2178 3530 his
2200 3478 2342 3528 work
2353 3479 2380 3527 ?
2445 3477 2574 3526 Two
2589 3475 2758 3540 points
2775 3472 2898 3536 only

1737 3573 1823 3610 are
1843 3559 2001 3617 clean
2019 3559 2098 3620 (1)
2119 3557 2303 3607 hewas
2325 3554 2428 3606 still
2451 3554 2716 3617 labouring
2735 3552 2790 3600 in
2811 3549 2898 3601 the

1736 3653 1885 3689 cause
1917 3638 1976 3689 of
2001 3638 2088 3689 the
2119 3637 2327 3702 Gospel,
2349 3636 2453 3685 and
2486 3635 2558 3696 (ο)
2592 3635 2657 3684 he
2690 3647 2793 3682 was
2825 3632 2896 3682 la-

1734 3719 1952 3784 bouring
1971 3719 2131 3768 under
2153 3719 2209 3769 S.
2229 3714 2395 3766 Paul's
2418 3714 2677 3766 direction.
2718 3714 2898 3764 Other·

1735 3801 1857 3852 wise
1890 3801 1992 3851 this
2032 3801 2228 3864 Epistle
2267 3799 2439 3849 would
2473 3807 2562 3849 not
2600 3797 2730 3848 have
2765 3796 2895 3846 been

1735 3883 2100 3935 characterized
2131 3897 2186 3933 as
2215 3882 2254 3931 it
2284 3883 2328 3932 is
2357 3882 2425 3946 by
2455 3879 2540 3930 the
2573 3880 2818 3944 language
2844 3876 2906 3927 of

1735 3965 1967 4017 affection
1989 3965 2090 4016 and
2111 3960 2556 4015 commendation.'

1801 4061 1850 4115 9.
1919 4048 1994 4096 ad
2006 4062 2263 4097 commune
2279 4043 2658 4106 ornamentum]
2709 4041 2792 4093 Cf.
2831 4053 2896 4092 11.

1735 4145 1823 4194 pp.
1849 4129 1927 4192 84,
1955 4129 1991 4178 1.
2025 4142 2114 4196 ¹93
2149 4143 2232 4194 94,
2255 4128 2292 4178 l.
2322 4143 2396 4186 10,
2423 4133 2561 4176 note.

1808 4224 1883 4271 ¹5·
1939 4209 2113 4274 exnggu]
2147 4208 2228 4259 Cf.
2253 4225 2333 4259 vv.
2362 4209 2414 4259 11.
2437 4227 2455 4270 ;
2476 4206 2552 4258 for
2579 4221 2646 4258 an
2668 4205 2898 4269 example

1739 4289 1798 4340 of
1813 4291 1898 4340 the
1919 4305 2158 4340 converse
2181 4305 2335 4349 error,
2363 4303 2445 4339 see
2467 4304 2534 4338 on
2565 4303 2584 4338 1
2613 4287 2747 4337 Tim.
2771 4301 2822 4334 v.
2847 4300 2896 4349 3.

1735 4373 1925 4424 diuitis
1943 4373 2000 4421 in
2020 4372 2161 4433 locis]
2209 4371 2288 4422 Cf.
2317 4387 2362 4422 c.
2391 4371 2461 4421 iii.
2487 4385 2562 4421 11.

1805 4470 1881 4520 19.
1951 4454 2008 4504 in
2033 4454 2190 4504 media
2213 4469 2344 4514 uero,
2371 4452 2484 4516 δια]
2519 4451 2578 4504 C.
2607 4451 2677 4501 iii.
2708 4465 2727 4500 1
2755 4465 2828 4515 sq.
