3250 5025
291 377 379 441 11.
422 377 838 463 15—111.2.]
1128 391 1238 483 *IN
1287 391 1391 442 ΕΡ.
1437 390 1541 441 An
1586 390 1850 443 'rm-Um.
2581 391 2698 456 251

414 566 571 629 haec
594 566 841 649 loquere
868 574 932 630 et
956 565 1220 645 obsecra,
1250 574 1315 630 et
1339 585 1546 649 argue
1573 584 1721 629 cum
1751 563 1933 628 omni
1961 562 2241 647 imperio·

418 716 631 793 ‘quae
672 732 830 794 ergo
877 709 1043 775 haec
1087 731 1159 774 se
1210 709 1464 775 habent
1514 711 1644 774 ista
1691 710 1916 787 dicito,
1969 708 2096 772 ista
2147 709 2332 785 doce,
2383 726 2599 790 neque
2650 706 2705 770 si

286 834 456 897 opus
502 814 587 877 sit
633 834 908 898 arguere
964 815 1257 899 grauiter
1318 814 1581 877 dubites
1643 834 1758 876 eos
1810 812 1925 895 qui
1970 812 2166 875 dictis
2215 810 2318 874 his
2372 830 2506 875 non
2555 830 2705 873 sua·

288 921 567 985 dentur-‚⁹
657 928 724 983 et
769 918 926 1001 quia
971 916 1427 981 diffidentibus
1472 915 1649 979 dixit
1691 935 1859 997 quos
1905 934 2057 978 cum
2105 914 2385 997 imperio
2430 934 2708 996 arguere

291 1034 596 1107 oportere
626 1023 823 1101 dixit,
856 1022 1101 1085 adiecit
1128 1045 1141 1084 :
2778 1032 2810 1101 5

420 1199 602 1242 nemo
632 1187 690 1241 te
716 1185 1125 1259 contempnat.

422 1310 439 1337 ‘
457 1311 892 1386 contempnat
915 1322 1075 1366 uero
1098 1311 1168 1365 te
1191 1322 1390 1365 nemo
1421 1299 1654 1383 (dicit),
1679 1300 1733 1364 si
1764 1309 1833 1365 et
1863 1298 2062 1365 ualde
2091 1298 2177 1362 sit
2213 1296 2450 1381 aliquis
2480 1295 2709 1374 fer0x3

290 1410 407 1474 sed
468 1417 544 1474 ut
606 1427 846 1491 arguas
908 1427 1062 1470 eum
1122 1416 1530 1489 peccantem,
1582 1406 1678 1471 ita
1736 1414 1962 1470 autem
2011 1414 2084 1469 ut
2131 1403 2319 1473 illum
2362 1398 2705 1484 arguendo

294 1512 569 1594 pudicos
600 1533 679 1576 ac
709 1512 964 1576 sobrios
995 1522 1062 1575 et
1090 1521 1311 1575 castos
1342 1511 1505 1576 alios
1535 1509 1880 1575 instituas?

420 1683 551 1726 com
558 1684 735 1726 mone
792 1682 894 1726 eos
951 1660 1358 1746 prz'nczjm’bus
1418 1669 1481 1724 et
1529 1659 1952 1744 potestatibus
2008 1659 2295 1725 subditos
2339 1677 2484 1737 esse,
2541 1655 2708 1721 dicto
2741 1673 2821 1723 10

290 1764 637 1831 audientes,

424 1895 788 1962 necessarie
830 1903 985 1978 post
1030 1902 1398 1958 ceterorum
1448 1893 1821 1957 doctrinam
1876 1893 2118 1957 adiecit
2170 1891 2351 1975 quod
2402 1899 2709 1974 oporteat

290 2024 405 2067 eos
453 2002 652 2065 etiam
702 1999 828 2063 illis
872 1999 987 2081 qui
1036 1998 1403 2063 secundum
1449 2006 1870 2081 praesentem
1917 2000 2126 2060 uitam
2180 1996 2247 2058 in
2297 1993 2708 2058 sublimitate

293 2104 586 2187 quadam
616 2113 775 2167 sunt
808 2102 1209 2186 dignitatum
1242 2104 1545 2165 subditos
1577 2123 1742 2181 esse,
1776 2102 2317 2183 obtemperantes
2349 2097 2433 2161 de
2464 2096 2707 2180 quibus

296 2212 626 2294 imperant
657 2228 777 2290 pro
807 2205 1143 2269 communi
1188 2214 1370 2268 statu
1402 2214 1469 2268 et
1500 2203 1830 2280 utilitate3
1875 2224 1958 2267 eo
2003 2202 2184 2286 quod
2233 2199 2423 2263 multi
2455 2186 2706 2263 bonum
2744 2206 2814 2274 15

294 2314 455 2397 quid
490 2312 703 2376 facere
732 2332 805 2373 se
836 2311 1226 2374 existimant
1256 2311 1311 2373 si
1343 2316 1969 2391 contempnant·eos
1992 2308 2106 2390 qui
2129 2306 2494 2369 secundum
2519 2322 2708 2385 prae-

292 2426 551 2481 sentem
601 2416 809 2478 uitam
856 2433 1161 2497 praeesse
1207 2412 1441 2476 ceteris
1478 2412 1804 2487 uidentur,
1837 2420 1906 2475 et
1942 2411 2240 2473 maxime
2280 2409 2550 2492 quando
2587 2410 2710 2472 im-

293 2523 612 2604 pietatem
660 2518 1000 2602 quandam
1047 2519 1332 2601 praediti
1378 2538 1523 2581 esse
1562 2518 1886 2581 uidentur.
1978 2516 2220 2586 deinde
2259 2514 2420 2578 dicit
2451 2534 2564 2576 eos
2596 2512 2711 2595 qui

295 2624 528 2707 pietati
559 2623 827 2687 studere
856 2621 1134 2704 cupiunt
1165 2621 1249 2683 de
1280 2620 1523 2705 quibus
1554 2629 1863 2703 oporteat
1901 2619 2148 2684 habere
2176 2619 2713 2695 sollicitudinem,

296 2749 431 2792 non
482 2737 708 2792 tamen
753 2726 1140 2791 existimare
1179 2725 1432 2809 aliquid
1480 2726 1638 2790 boni
1683 2746 1828 2788 esse
1865 2724 1922 2788 si
1965 2723 2166 2787 iidem
2205 2730 2438 2786 contra
2468 2721 2710 2786 alteros
2740 2740 2826 2787 20

294 2833 482 2897 litem
516 2839 875 2896 exerceant
905 2840 1023 2896 aut
1054 2831 1501 2896 contendant:

426 2985 524 3050 ad
558 3006 739 3050 omne
772 2995 925 3068 opus
964 2985 1196 3050 bonum
1226 2994 1502 3069 paratos
1542 3005 1688 3062 esse,
1735 2982 2052 3047 neminem
2096 2979 2545 3064 blasphemare,
2587 2999 2715 3042 non

294 3090 609 3174 litigiosos
643 3111 773 3154 esse
820 3091 939 3154 sed
970 3090 1298 3168 modestos,
1327 3111 1577 3155 omnem
1617 3088 2008 3152 ostendentes
2036 3084 2596 3151 mansuetudinem
2627 3081 2725 3145 ad

298 3215 513 3258 omnes
539 3192 844 3257 homines,

431 3325 448 3354 ‘
472 3339 593 3382 nec
632 3317 810 3382 enim
858 3317 1122 3383 uirtutis
1169 3326 1284 3382 aut
1322 3317 1688 3380 industriae
1728 3325 1830 3380 est
1873 3326 1947 3381 ut
1992 3317 2291 3381 dicentes
2331 3328 2562 3384 contra
2603 3339 2717 3383 eos
2747 3335 2844 3402 25.

404 3515 425 3548 1
464 3513 579 3548 eum
602 3496 853 3562 (bescum)
876 3497 981 3546 add
1002 3496 1079 3547 C*
1102 3499 1173 3548 H
1294 3513 1321 3548 α
1356 3513 1563 3563 arguere
1586 3504 1788 3563 oportet
1811 3497 2054 3563 (bq‘quae
2071 3495 2208 3562 ergo)
2231 3498 2338 3548 add
2359 3498 2404 3550 C
2425 3497 2434 3564 Ι
2463 3499 2721 3564 quomodo

296 3581 413 3645 (χόν
432 3579 579 3645 quae)
604 3596 637 3629 r
660 3581 669 3643 Ι
698 3581 943 3630 habentur
968 3582 1010 3631 C
1027 3582 1174 3643 (corr)
1202 3579 1213 3646 1
1242 3580 1358 3632 dico
1382 3589 1456 3631 tot
1480 3581 1595 3645 (for
1612 3581 1790 3640 dicito)
1819 3580 1895 3631 C*
1963 3580 2079 3630 dico
2101 3589 2155 3630 tu
2177 3597 2211 3630 r
2465 3597 2494 3644 3
2528 3580 2571 3631 si
2593 3598 2720 3647 opus

294 3679 375 3713 om
396 3664 466 3713 H
650 3682 683 3726 4
716 3665 991 3714 suaduntur
1016 3663 1096 3714 C*
1120 3665 1190 3714 H
1203 3665 1289 3727 [cs.
1318 3677 1353 3714 1.
1382 3680 1434 3729 p.
1465 3678 1575 3726 254,
1604 3663 1639 3712 1.
1667 3679 1730 3714 ἰο
1752 3666 1855 3724 (vv.
1878 3661 1979 3728 11.)]
2007 3661 2016 3728 Ι
2045 3670 2162 3729 etq:
2207 3665 2277 3714 H
2453 3676 2480 3726 5
2515 3665 2668 3716 adicit
2692 3682 2724 3714 r

301 3757 328 3808 7
364 3753 419 3795 ut
442 3745 549 3810 (bes
556 3746 897 3810 contempnat)
916 3747 1063 3794 addr
1205 3749 1237 3796 8
1268 3746 1358 3796 sed
1382 3753 1437 3796 ut
1459 3761 1638 3810 arguas
1659 3746 1746 3794 sed
1769 3754 1825 3795 ut
1847 3761 1952 3809 arg.
1967 3746 2031 3796 H
2049 3745 2060 3809 Ι
2087 3753 2174 3796 aut
2198 3745 2310 3809 <for
2328 3746 2513 3805 autem)
2535 3749 2577 3798 C
2585 3747 2614 3772 ⁴*
2632 3748 2700 3797 H
2707 3765 2722 3797 ε

298 3843 376 3878 om
409 3827 452 3877 C
472 3825 619 3891 (corr)
816 3841 849 3891 9
880 3827 1006 3877 alios
1028 3843 1105 3876 om
1128 3827 1195 3875 Η
1418 3841 1480 3876 10
1511 3827 1729 3876 admone
1752 3825 1868 3890 (for
1885 3827 2167 3891 commone)
2189 3843 2222 3877 r
2423 3845 2478 3880 11
2517 3828 2722 3879 obedire

298 3904 415 3971 (fir
428 3905 705 3972 audientes)
724 3922 756 3954 r
936 3923 993 3956 12
1028 3907 1307 3956 necessario
1322 3905 1654 3971 posteriorum
1671 3905 1784 3971 (fiir
1797 3907 2070 3958 necessarie
2093 3915 2206 3972 post
2229 3908 2346 3972 cet.)
2369 3924 2402 3957 r
2576 3926 2635 3970 14
2670 3916 2720 3968 et

299 3989 408 4054 (bes
415 3989 663 4053 obtemp.)
686 3988 791 4037 add
807 4004 839 4037 r
973 4000 1026 4050 15
1064 3989 1344 4038 communis
1366 3989 1435 4038 H
1558 3991 1619 4038 18
1653 3988 1834 4052 perditi
1858 3988 1970 4053 (for
1990 3990 2186 4055 praed.)
2209 4006 2242 4039 r
2361 4005 2426 4040 πο
2459 3989 2593 4040 idem
2618 3991 2682 4040 H
2692 4007 2725 4041 r

302 4086 365 4121 υ
398 4085 527 4134 opus
546 4086 625 4119 om
647 4085 681 4119 r
846 4083 875 4117 α
882 4083 909 4132 5
944 4071 1345 4120 contradicentes
1365 4076 1541 4118 contra
1560 4085 1648 4119 eos
1669 4085 1777 4120 esse
1797 4070 1918 4134 (sor
1933 4067 2326 4132 dicentes...eos)
2366 4071 2410 4120 C
2443 4071 2589 4134 (corr)

368 4255 413 4305 7.
484 4245 1151 4309 contmqonat...peccaretem]
1230 4242 1379 4294 Cited
1398 4245 1465 4308 by
1568 4241 1742 4304 di1e;”
1765 4242 2033 4302 Ambrstr.,
2060 4241 2248 4292 “dicto
2263 4239 2529 4303 obedire;”
2543 4242 2720 4294 Sedul.

306 4326 573 4376 Lanfranc.
1570 4326 1705 4376 Scot.
1719 4360 1731 4383 ,
1754 4329 1787 4352 “
1806 4325 1943 4375 dicto
1963 4323 2309 4374 obedientes.”

372 4422 448 4457 ιο.
512 4408 783 4469 comnwne]
848 4408 998 4458 Latin
1038 4407 1279 4466 versions,
1321 4413 1352 4436 “
1372 4409 1461 4458 ad·
1637 4427 1716 4473 ¹4·
1782 4409 1842 4458 de
1871 4409 2048 4474 quibus
2083 4407 2354 4474 imperant]
2403 4410 2513 4472 περὶ
2553 4407 2616 4458 ὧν
2645 4427 2718 4458 κε-

298 4487 499 4540 mone.”
579 4489 727 4539 Dicto
746 4491 1029 4547 audientes,-
1076 4491 1247 4554 Vulg.,
1290 4491 1328 4516 “
1342 4491 1459 4540 obe-
1562 4489 1803 4540 λεύουσιν.
