3250 5025
520 391 649 484 326
794 431 801 442 ·
1472 401 1859 458 APPEme
1905 407 1968 457 A.

616 641 773 725 [Act.
809 645 996 706 Cone.
1032 646 1152 708 CP.
1186 644 1241 706 ii.
1277 663 1355 706 ιν.
1390 665 1469 722 39
1500 645 1565 726 (“
1588 610 1858 706 eiusdem
1889 666 1964 708 ex
1992 647 2210 708 eodem
2237 645 2388 709 libro
2399 647 2470 728 ”).
2515 640 2522 648 ’
2559 647 2692 726 Vig.
2729 668 2820 726 39.

1392 742 1483 804 Cf.
1518 742 1803 820 Lagmde,
1835 761 1892 819 p.
1931 739 2089 822 108].

634 887 829 947 Iesum
872 885 1035 946 enim
1074 884 1204 966 (ait)
1246 888 1313 947 de
1352 887 1678 959 Nazareth,
1709 907 1892 964 quem
1931 891 2108 947 unxit
2128 891 2296 949 Deus
2323 889 2556 968 Spiritu
2581 896 2637 949 et
2659 888 2938 962 uirtute&

514 981 685 1044 cuius
723 983 1074 1045 unctionem
1116 983 1357 1045 meritus
1396 995 1457 1045 et
1493 982 1914 1045 immaculatus
1954 987 2200 1048 effectus
2241 997 2333 1047 est
2373 1005 2482 1064 per
2519 986 2722 1047 omnia
2761 997 2824 1047 et
2859 987 2939 1047 ad

515 1079 785 1140 diuinam
825 1092 1101 1142 naturam
1142 1081 1358 1143 meruit
1406 1081 1912 1144 coniunctionem.
1999 1103 2196 1162 neque
2243 1084 2406 1146 enim
2453 1085 2937 1146 coniunctionem

514 1178 876 1255 suscepisset
910 1179 1088 1254 illam,
1121 1178 1236 1240 nisi
1276 1178 1436 1257 prius
1478 1177 1895 1242 immaculatus
1922 1182 2115 1242 factus
2149 1181 2374 1257 fuisset,
2403 1193 2470 1242 ut
2498 1181 2585 1243 sic
2611 1183 2943 1244 condeceat

450 1286 486 1350 5
515 1273 671 1336 illius
700 1273 1008 1336 unitatem.

662 1473 821 1556 [Act.
855 1475 1042 1537 Cone.
1080 1476 1198 1538 CP.
1234 1475 1289 1536 ii.
1324 1493 1403 1536 ιν.
1436 1496 1510 1550 41
1547 1476 1611 1557 (“
1631 1474 1902 1538 eiusdem
1930 1496 2006 1539 ex
2032 1477 2186 1538 libro
2213 1477 2294 1539 ad
2323 1474 2799 1557 baptizandos'’).

1588 1571 1719 1651 Vig.
1754 1571 1871 1654 41].

640 1701 1006 1762 Permanens
1054 1711 1257 1761 autem
1306 1703 1505 1763 donec
1554 1704 1886 1763 secundum
1935 1721 2105 1762 suam
2153 1713 2484 1764 creaturam
2541 1713 2602 1763 et
2655 1702 2938 1764 uirtutem

515 1799 758 1859 soluens
799 1798 1005 1858 mortis
1048 1799 1303 1874 doloreS,
1347 1799 1620 1861 liberauit
1664 1820 1804 1861 eum
1847 1800 2244 1862 ineffabilibus
2277 1801 2393 1863 illis
2430 1801 2720 1877 uinculis;
2761 1812 2824 1863 et
2860 1803 2937 1862 de

516 1894 764 1956 mortuis
792 1895 1147 1957 resuscitans
1174 1896 1471 1958 transtulit
1505 1898 1750 1974 quidem
1783 1897 1846 1958 in
1885 1898 2262 1959 inmortalem
2291 1899 2493 1975 uitam,
2524 1896 2934 1977 incorruptum

514 2005 715 2055 autem
744 2012 887 2053 eum
914 2004 975 2054 et
1002 1993 1379 2057 inmortalem
1408 2006 1470 2056 et
1496 1994 1931 2056 immutabilem
1961 1996 2224 2058 efficiens
2251 1996 2314 2056 in
2342 1999 2578 2058 caelum
2606 1997 2790 2058 duxit.

707 2190 863 2275 [Act.
898 2195 1087 2257 Cone.
1124 2197 1242 2258 CP.
1278 2194 1333 2256 ii.
1368 2215 1445 2257 ιν.
1480 2217 1555 2272 42
1590 2197 1658 2278 (“
1679 2209 1740 2260 et
1767 2210 1906 2276 post
1931 2198 2090 2260 alia”
2117 2198 2242 2279 bis).
2329 2199 2462 2279 Vig.
2497 2220 2594 2275 42,
2625 2199 2747 2283 43].

415 2347 490 2388 ιο
636 2325 942 2388 Christum
970 2324 1349 2387 iustificatum
1380 2339 1438 2388 et
1466 2327 1918 2396 immaculatum
1947 2331 2169 2389 factum
2205 2329 2422 2390 uirtute
2463 2331 2654 2392 sancti
2689 2329 2935 2409 Spiritus

516 2423 695 2505 (sicut
725 2423 933 2484 beatus
964 2425 1183 2484 Paulus
1212 2426 1397 2485 modo
1427 2426 1673 2501 quidem
1704 2426 1850 2487 dicit
1879 2427 2042 2504 quod
2073 2429 2412 2505 iustfficatus
2435 2437 2522 2488 est
2545 2429 2608 2488 in
2638 2431 2868 2506 Spiritu
2880 2436 2933 2504 †,

514 2524 699 2584 modo
740 2542 921 2584 uero:
975 2524 1081 2599 qui
1104 2533 1222 2601 per
1258 2525 1550 2602 Spiritum
1590 2533 1883 2584 aeternum
1925 2527 2356 2585 immaculatum
2397 2546 2456 2585 se
2494 2528 2700 2587 obtulit
2736 2530 2865 2590 Deo
2873 2528 2932 2610 ‡)

514 2620 667 2682 mori
714 2621 961 2699 quidem
1002 2620 1144 2682 fecit
1185 2622 1519 2681 secundum
1559 2625 1754 2700 legem
1795 2622 2124 2697 hominum,
2175 2635 2383 2702 utpote
2425 2635 2626 2685 autem
2667 2624 2938 2704 inpecca-

514 2718 696 2780 bilem
725 2717 942 2778 uirtute
972 2716 1160 2777 sancti
1189 2717 1439 2795 Spiritus
1466 2719 1691 2779 factum
1719 2719 2091 2780 resuscitauit
2128 2721 2206 2781 de
2244 2720 2494 2781 mortuis
2528 2732 2588 2782 et
2627 2725 2706 2784 ad
2747 2722 2934 2783 uitam

415 2834 485 2897 15
514 2814 823 2874 constituit
842 2812 1148 2873 meliorem
1169 2833 1188 2885 3
1228 2812 1662 2875 immutabilem
1692 2814 1938 2892 quidem
1966 2815 2203 2878 animae
2229 2816 2709 2894 cogitationibuS,
2742 2819 2935 2881 incor-

512 2921 753 2988 ruptum
780 2920 982 2969 autem
1012 2920 1071 2969 et
1100 2908 1519 2971 indissolutum
1551 2923 1611 2972 et
1637 2932 1814 2973 carne
1841 2913 2083 2973 faciens,
2291 2914 2330 2949 ⁸*
2491 2911 2526 2943 ⁴*
2689 2914 2726 2952 '⁵
2891 2918 2931 2953 ⁴*

633 3008 763 3066 Deo
801 3014 990 3065 autem
1025 3006 1272 3083 gratim,
1315 3009 1424 3084 qui
1457 3010 1617 3068 nobit
1655 3010 1812 3069 dedit
1849 3012 2150 3069 nestoriam
2179 3019 2297 3087 per
2331 3011 2628 3070 dominum
2670 3019 2933 3073 nostrum

513 3106 704 3164 Iesum
744 3104 1123 3179 Chris-tum&
1162 3102 1409 3164 istorum
1440 3125 1682 3165 causam
1711 3105 1892 3166 fuisse
1921 3107 2097 3167 nobis
2125 3106 2333 3195 dicens
2361 3110 2580 3182 Deum,
2602 3108 2706 3186 qui
2723 3121 2934 3172 contra

514 3220 725 3262 omnes
762 3201 1131 3262 aduersarios
1169 3200 1345 3273 nobis
1384 3202 1553 3263 dedit
1591 3202 1922 3279 uictoriam,
1953 3202 2082 3265 siue
2120 3204 2327 3266 mortis
2360 3204 2488 3267 siue
2527 3206 2762 3284 peccati
2804 3207 2932 3269 siue

412 3322 489 3364 20
511 3298 943 3376 cuiuscumque
969 3298 1111 3359 hinc
1138 3300 1424 3360 nascendi
1446 3298 1623 3376 mali3
1651 3300 1758 3379 qui
1777 3301 2092 3362 dominum
2115 3312 2386 3363 nostrum
2404 3306 2609 3364 Iesum
2629 3305 2926 3367 Christum

514 3416 624 3475 pro
651 3395 826 3458 nobis
853 3395 1161 3457 hominem
1190 3415 1450 3472 sumenS,
1480 3409 1543 3459 et
1568 3397 1770 3477 ipsum
1796 3418 1904 3477 per
1939 3398 2430 3462 resurrectionem
2459 3402 2537 3462 de
2565 3402 2814 3463 mortuis
2851 3405 2932 3464 ad

513 3493 822 3555 meliorem
848 3492 1145 3555 transtulit
1171 3496 1370 3569 finem,
1400 3506 1462 3555 et
1488 3496 1551 3555 in
1578 3496 1822 3557 dextera
1848 3516 1956 3558 sua
1983 3498 2191 3560 sedere
2218 3497 2358 3559 fecit
2387 3508 2448 3559 et
2475 3497 2650 3559 nobis
2677 3500 2757 3561 ad
2788 3518 2930 3562 eum

514 3592 765 3654 donauit
790 3592 1298 3655 communionem.

519 3839 674 3925 [Act.
724 3844 913 3906 Conc.
959 3846 1078 3905 CP.
1122 3842 1177 3904 ii.
1213 3862 1265 3903 v.
1355 3843 1418 3924 (“
1448 3846 1714 3922 Cyrillus.
1749 3858 1909 3909 certe
1937 3859 1998 3909 et
2025 3848 2088 3909 in
2115 3847 2580 3911 allocutionibus
2607 3868 2756 3927 quas
2790 3849 2934 3911 fecit

909 3943 990 4002 ad
1018 3940 1411 4020 baptizandos
1440 3943 1657 4004 iterum
1685 3945 1837 4006 dixit
1863 3946 2024 4007 idem
2052 3948 2412 4008 Theodorus
2425 3943 2525 4028 ”)].

640 4087 785 4147 Hoc
812 4106 957 4148 uero
994 4106 1118 4149 non
1152 4107 1227 4148 ex
1260 4089 1433 4150 nobis
1474 4090 1618 4168 ipsis
1651 4088 1991 4153 inuenimus
2031 4091 2458 4168 testimonium,
2489 4092 2598 4153 sed
2625 4111 2699 4153 ex
2727 4091 2937 4179 diuina

417 4196 489 4258 25
518 4183 721 4245 edocti
749 4203 953 4245 sumus
982 4184 1304 4264 scriptura3
1346 4187 1630 4264 quoniam
1668 4199 1730 4249 et
1767 4190 1976 4249 beatus
2016 4191 2236 4250 Paulus
2273 4188 2356 4250 ita
2392 4188 2574 4251 dicit:
2612 4210 2686 4249 ex
2723 4192 2936 4267 quibus

525 4309 585 4399 ro
616 4346 889 4397 secundum
912 4346 1148 4399 uirtutem
1183 4348 1235 4399 V
1374 4364 1429 4400 11
1466 4350 1724 4417 apostolus
1748 4348 1866 4414 (for
1885 4348 1965 4413 P.)
2001 4350 2048 4401 V
2191 4350 2250 4403 16
2281 4367 2344 4403 ex
2365 4366 2515 4403 carne
2549 4352 2596 4403 V
2614 4349 2624 4418 Ι
2652 4352 2799 4405 nobis
2819 4353 2856 4405 f.
2889 4354 2946 4405 V

584 4476 614 4504 ⁴*
648 4478 773 4529 Acts
795 4496 843 4528 x.
869 4481 951 4544 38.
1148 4480 1181 4535 'l'
1219 4496 1239 4531 1
1279 4481 1413 4531 Tim.
1438 4480 1507 4533 iii.
1542 4480 1619 4533 16.
1813 4485 1849 4543 :t
1884 4482 2020 4533 Heb.
2042 4482 2111 4533 ix.
2140 4499 2214 4548 14.
2415 4488 2443 4545 ὅ
2483 4498 2503 4533 1
2531 4483 2653 4535 Cor.
2674 4500 2759 4535 xv.
2783 4498 2864 4550 57.
