3250 5025
484 381 613 460 256
1150 396 1608 450 THEonoRus
1655 396 2243 450 MOPSUESTENUS
2437 384 2595 469 [ΙΙΙ.
2638 396 2905 465 12—-15,

612 588 759 631 cum
818 566 1051 633 misero
1112 560 1383 656 (inquit)
1430 564 1757 638 Arteman
1812 574 1912 638 ad
1955 556 2038 638 te*
2071 582 2193 638 aut
2251 572 2610 657 Tychicum,
2647 572 2909 657 fistina

484 668 707 734 uenire
730 672 829 735 ad
850 694 950 737 me
976 674 1337 759 Nicopolim
1356 700 1390 753 ,·
1436 676 1571 741 illic
1596 677 1769 742 enim
1798 678 2054 743 decrem·
2074 678 2448 743 exhiemare.

619 800 839 864 ‘atubi
876 800 1141 887 (inquit)
1176 802 1417 868 misero
1446 803 1779 869 Arteman
1811 814 1930 870 aut
1971 805 2361 889 Tychicum,
2399 804 2638 869 festina
2681 804 2910 869 uenire

486 904 575 969 ad
609 924 717 967 me
749 903 1151 988 Nicopolim,
1182 906 1297 970 ubi
1333 915 1404 971 et
1433 907 1785 989 persistere
1816 906 2078 973 decreui
2109 917 2413 992 tempore
2441 906 2756 972 hiemali!
2933 898 2938 903 ’

425 1065 458 1133 5
618 1057 689 1121 Z
685 1079 872 1121 enam
903 1057 1336 1142 legisperitum
1365 1067 1429 1123 et
1453 1058 1684 1143 Apollo
1723 1059 2017 1125 uelociter
2037 1060 2451 1144 praemittas,
2498 1060 2596 1126 ita
2636 1069 2715 1124 ut
2739 1058 2919 1125 nihil

490 1158 627 1226 illis
653 1160 833 1225 desit.

619 1289 863 1353 deinde
910 1289 1093 1354 iubet
1132 1290 1194 1354 ei
1228 1288 1354 1373 [ut]
1396 1290 1649 1355 Zenam
1695 1290 2154 1376 legisperitum
2192 1300 2264 1357 et
2299 1291 2556 1375 Apollo
2595 1290 2912 1356 uelociter

489 1395 879 1478 praemittat
924 1414 1075 1457 cum
1123 1402 1395 1475 sumptu
1444 1394 1813 1469 sufficienti,
1846 1395 1942 1458 ita
1981 1404 2056 1459 ut
2101 1394 2288 1460 nulla
2325 1402 2516 1479 parte
2547 1396 2910 1478 indigeant.

490 1499 767 1563 euidens
802 1505 905 1561 est
946 1506 1174 1562 autem
1217 1499 1531 1580 quoniam
1566 1508 1636 1563 et
1666 1518 1785 1582 per
1823 1500 1947 1563 hos
1993 1498 2271 1582 scripsit,
2312 1498 2398 1563 ad
2441 1519 2594 1563 eum
2638 1500 2911 1562 mittens

388 1618 471 1666 10
492 1622 607 1666 eos
652 1611 719 1666 et
765 1601 897 1665 alia
941 1600 1086 1665 uice
1131 1602 1217 1666 ad
1264 1602 1590 1667 auxilium
1637 1606 1779 1668 eius
1825 1613 1894 1669 et
1931 1603 2211 1669 aliorum
2261 1603 2752 1668 correctionem.
2842 1610 2912 1665 et

492 1705 651 1785 quia
698 1704 892 1768 Titus
945 1725 1036 1769 ex
1082 1708 1218 1770 suis
1262 1708 1445 1790 quod
1493 1708 1684 1773 daret
1727 1730 1862 1774 non
1910 1709 2206 1774 habebat
2253 1728 2335 1773 eo
2379 1706 2559 1791 quod
2594 1708 2910 1771 uirtutem

490 1809 769 1873 studens
804 1808 1017 1909 [nihil]
1051 1810 1455 1893 possidebat,
1486 1812 1742 1895 optime
1773 1812 2015 1877 adicit:

623 1963 882 2027 dis-cant
912 1974 1128 2027 autem
1172 1974 1235 2029 et
1282 1966 1494 2031 nostri
1528 1965 1712 2031 bonis
1753 1968 2040 2052 operibus
2065 1978 2359 2050 praeesse
2403 1966 2499 2030 ad
2537 1962 2915 2029 necessarios

402 2070 407 2075 ’
492 2088 665 2143 usus,
694 2077 772 2131 ut
798 2087 923 2131 non
951 2068 1091 2131 sint
1119 2068 1521 2150 infructuosi.

392 2209 463 2276 15
624 2201 779 2261 ‘eos
831 2196 1009 2261 enim
1063 2195 1295 2261 fideles
1346 2196 1461 2280 qui
1514 2196 1785 2262 diuitias
1833 2195 2065 2262 mundi
2117 2194 2388 2273 habent,
2433 2193 2794 2273 conferant,
2839 2201 2915 2256 ut

492 2302 836 2384 copiosam
871 2300 1247 2367 mercedem
1279 2322 1402 2385 pro
1433 2301 1551 2366 tali
1582 2322 1787 2385 opere
1832 2298 2320 2384 adsequantur!
2408 2307 2564 2382 post
2593 2295 2722 2360 hoc
2753 2314 2912 2358 uero

493 2404 694 2469 dicit:

623 2567 921 2632 salutant
956 2574 1017 2630 te
1053 2587 1270 2632 omnes
1296 2563 1417 2648 qui
1452 2584 1696 2630 mecum
1738 2573 1912 2628 sunt.
1997 2563 2278 2626 salutate
2325 2581 2427 2624 eos
2463 2560 2584 2644 qui
2617 2581 2734 2627 nos
2759 2560 2914 2628 dili-

483 2679 660 2754 gant
688 2671 757 2735 in
769 2671 929 2756 fide.

388 2817 475 2866 20
626 2799 925 2865 salutans
984 2819 1138 2863 eum
1200 2817 1290 2862 ex
1341 2797 1656 2862 omnibus
1704 2796 1818 2880 qui
1870 2815 2098 2860 secum
2147 2804 2354 2870 erant,
2401 2794 2663 2878 scripsit
2709 2795 2914 2859 etiam

601 3011 621 3044 1
647 2993 945 3043 autithicum
966 2991 1073 3056 (sic)
1102 2989 1182 3042 C*
1424 3004 1453 3055 3
1487 2988 1644 3041 adubi
1670 2989 1715 3041 C
1733 2989 1802 3038 H

494 3091 575 3125 om
596 3075 666 3124 H
868 3083 897 3134 7
930 3077 985 3122 ut
1007 3087 1085 3122 om
1114 3073 1160 3121 C
1176 3071 1245 3121 H
1451 3085 1484 3136 9
1516 3085 1608 3136 per
1628 3086 1708 3120 om
1731 3069 1800 3119 H

496 3171 575 3208 om
603 3154 747 3206 (ΡΗ
768 3152 777 3219 Ι
806 3154 961 3205 adicit
985 3152 1097 3220 (fir
1115 3161 1217 3220 opt.
1247 3150 1419 3218 adicit)
1442 3154 1512 3203 H

2030 3005 2063 3050 4
2097 2986 2798 3054 Nicopolim...legisperitum
2822 2989 2917 3051 [αο]

2013 3083 2068 3118 11
2104 3067 2289 3117 uirtute
2315 3065 2394 3117 C*
2417 3066 2488 3117 H
2697 3083 2754 3118 12
2789 3068 2919 3119 nihil

1702 3165 1760 3218 15
1794 3155 1938 3216 rogat
1958 3157 2015 3200 ut
2038 3148 2429 3215 (besconferant)
2448 3150 2555 3200 add
2575 3150 2621 3204 C
2638 3151 2789 3214 (corr)

566 3341 613 3378 α.
672 3326 778 3376 illic
813 3342 853 3376 e.
893 3326 1088 3376 decr-eui
1115 3325 1416 3390 exhiemare]
1479 3325 1652 3390 vulg„

504 3409 626 3461 “ibi
652 3426 698 3461 e.
720 3409 871 3459 statui
894 3407 1170 3458 hiemare.”
1237 3407 1349 3457 The
1369 3407 1658 3472 compound

496 3493 607 3548 ab.
656 3491 747 3542 has
790 3492 1005 3558 perhaps
1046 3491 1179 3541 been
1220 3489 1401 3540 coined
1454 3489 1523 3554 by
1565 3504 1660 3539 our

1761 3337 1988 3399 ‹ea-n
2128 3322 2394 3400 ..κ-ἰ’-ι
2520 3317 2930 3400 &zenan-1<

1759 3443 2081 3531 ‚dssdo
2147 3469 2262 3521 The
2293 3471 2593 3537 Memphitic
2625 3470 2802 3522 makes
2823 3471 2920 3522 Ar·

498 3576 767 3626 translator
786 3581 841 3624 to
860 3579 1114 3639 represent
1139 3567 1547 3636 παραχειμάσαι.

568 3670 614 3723 5.
696 3655 941 3717 uelociter]
1006 3653 1293 3704 σπουδαίως.
1383 3653 1454 3704 So
1494 3651 1658 3717 infra,

502 3740 539 3792 l.
568 3755 614 3806 7.
681 3738 749 3789 Ο.
771 3739 829 3788 L.
858 3737 958 3786 and
982 3735 1156 3801 Vulg„
1187 3732 1496 3784 “sollicite.'’

569 3822 615 3870 8.
688 3817 991 3882 praemittat
1020 3831 1133 3864 cum
1162 3814 1388 3880 sumptu]
1455 3813 1661 3878 Chrys-2

501 3901 771 3960 τουτέστιν,
811 3899 864 3948 ἐν
899 3896 1035 3961 πάσῃ
1069 3895 1279 3960 ἇφθονίᾳ
1311 3895 1483 3948 αὐτοὺς
1518 3896 1662 3946 κατέ-

504 3999 703 4043 στησεν.
774 3979 1055 4030 Ambrstr.=
1090 3978 1278 4029 “iubet
1302 3985 1529 4043 sumptus
1560 3976 1664 4027 illis

504 4065 809 4117 necessarios
831 4063 939 4114 dari
961 4062 1028 4113 ab
1060 4062 1123 4113 iis
1142 4063 1231 4128 qui
1252 4062 1583 4120 crediderant,
1606 4067 1664 4111 ut

503 4144 899 4212 refrigerarent.”
968 4147 1205 4211 Jeromez
1242 4145 1279 4171 ‘⁸
1292 4144 1537 4210 praecipit
1566 4143 1664 4194 uti·

504 4243 605 4294 que
633 4228 754 4277 'rito
784 4226 1305 4278 ut...faciat...habere
1342 4241 1403 4277 ea
1434 4240 1564 4290 quae
1594 4225 1663 4274 ad

506 4308 745 4362 uiaticum
766 4307 1044 4358 necessaria
1064 4307 1232 4358 sunt.”

572 4405 621 4456 9.
712 4397 813 4454 per
852 4389 937 4439 hos
979 4389 1197 4455 sempsit]
1283 4387 1367 4440 Cf.
1412 4388 1498 4438 the
1552 4387 1666 4438 sub-

506 4468 747 4536 scription
816 4467 1050 4519 attached
1129 4477 1185 4519 to
1261 4469 1347 4519 the
1426 4467 1664 4531 Peshitoj

1759 3580 1919 3626 temas
1941 3573 2026 3622 the
2049 3573 2224 3622 bearet
2245 3573 2305 3623 of
2319 3573 2406 3622 the
2426 3572 2622 3638 epistle.

1829 3673 1908 3708 ιο.
1997 3665 2050 3706 et
2109 3656 2229 3722 quia
2302 3655 2466 3718 Titus]
2573 3655 2764 3706 Thdtz
2841 3655 2922 3705 καὶ

1759 3737 1932 3801 ἐπειδὴ
1966 3740 2052 3790 τὸν
2085 3737 2332 3800 ἀκτημονα
2371 3740 2481 3804 βίον
2523 3740 2550 3789 ὁ
2589 3757 2705 3800 μακ.
2754 3735 2926 3802 per-bec

1761 3821 1920 3885 Τίτος,
1946 3821 2214 3884 ἀναγκαίως
2240 3819 2584 3885 drirya‘yemn‘
2599 3823 2786 3882 δίδαξον
2814 3822 2924 3872 τοὺς

1763 3901 2145 3955 πεπιστευκότας
2197 3901 2283 3964 τῆς
2335 3903 2615 3964 σωματικῆς
2670 3903 2927 3967 θεραπείας

1763 3987 2100 4047 ἐπιμελεῖσθαι
2133 3983 2232 4036 τῶν
2265 3987 2330 4036 τὰ
2364 3987 2471 4036 θεῖα
2505 3983 2742 4036 διδάσκειν
2781 4003 2924 4037 ren·

1763 4067 2050 4127 στευμένω.
2064 4064 2078 4089 ’

1835 4147 1913 4195 18.
1965 4140 2572 4205 salutate1=a⁹orbaew0e,
2600 4143 2686 4194 the
2717 4143 2928 4209 reading

1764 4224 1824 4276 of
1841 4225 1970 4276 Cod.
2001 4225 2152 4277 Alex.
2198 4225 2310 4276 The
2333 4225 2486 4276 Latin
2506 4225 2730 4276 versions
2751 4225 2926 4276 follow

1770 4305 1857 4357 the
1879 4313 1978 4356 rest
2000 4307 2058 4356 of
2085 4307 2171 4358 the
2194 4307 2361 4358 Greek
2393 4307 2700 4368 authorities,
2728 4307 2928 4358 render·

1767 4387 1857 4453 ing
1883 4388 1920 4415 ‘⁶
1935 4387 2112 4438 saluta.
2123 4385 2152 4410 '⁹
