3250 5025
526 380 653 428 210
1091 429 1097 435 ,
1189 374 1646 429 TnEonoRus
1694 374 2280 429 MOPSUESTENUS
2549 360 2668 446 [11.
2701 376 2804 438 20,
2835 375 2938 426 21.

524 552 653 618 hoc
705 553 911 618 modo
964 552 1257 637 optimos
1312 554 1668 637 magistros
1712 552 1968 619 sciebat
2029 550 2230 618 ualde
2271 550 2379 615 his
2423 548 2674 635 adfligi,
2719 549 2938 634 qualis

525 667 670 723 erat
729 666 801 723 et
862 658 1098 723 beatus
1156 657 1572 735 TimotheuS,
1647 679 1729 723 ea
1798 658 2055 722 ratione
2119 678 2255 740 qua
2321 656 2573 719 multos
2649 676 2742 719 ex
2800 654 2938 719 suis

524 758 799 825 uidebat
850 760 919 825 in
970 760 1262 825 deterius
1301 761 1718 844 prorupisse3
1760 758 1887 824 hac
1927 760 2014 823 de
2059 778 2260 823 causa
2313 758 2558 821 adiecit
2611 764 2680 821 et
2734 756 2934 822 aliam

523 862 585 926 ei
615 862 1181 929 consolationem:

458 1017 490 1085 5
656 1004 729 1069 in
758 1027 1003 1091 magna
1040 1006 1307 1092 (inquit)
1339 1006 1523 1071 domo
1553 1027 1678 1071 non
1717 1016 1877 1070 sunt
1912 1006 2050 1069 sola
2090 1026 2256 1070 uasa
2299 1025 2500 1069 aurea
2527 1012 2592 1068 et
2617 1012 2936 1087 argentea,

524 1108 643 1171 sed
662 1118 727 1174 et
752 1110 970 1195 lzjgnea
997 1121 1062 1174 et
1068 1111 1319 1196 fictilia
1339 1134 1369 1189 ,·
1412 1120 1478 1175 et
1512 1108 1831 1195 quaedam
1874 1111 2131 1193 quidem
2170 1120 2328 1174 sunt
2357 1110 2424 1174 in
2455 1109 2768 1187 honorem,
2800 1108 2939 1173 alia

524 1231 673 1275 uero
702 1212 775 1277 in
802 1214 1271 1279 contumeliam.

659 1344 676 1371 ‘
700 1360 946 1422 magna
978 1338 1244 1424 (inquit)
1278 1349 1382 1405 est
1412 1338 1655 1404 domus
1688 1340 1818 1405 Dei
1851 1339 2152 1417 ecclesia,
2182 1362 2272 1404 ex
2305 1339 2534 1405 multis
2562 1339 2940 1405 consistens

523 1435 946 1520 hominibus;
992 1463 1266 1506 necesse
1309 1451 1413 1507 est
1453 1464 1611 1527 ergo
1655 1463 1790 1508 non
1835 1464 2068 1507 omnes
2115 1444 2204 1508 ibi
2248 1464 2392 1507 esse
2423 1464 2689 1527 aequos,
2779 1460 2936 1505 nam

422 1562 501 1613 10
526 1553 596 1608 et
646 1543 714 1607 in
767 1564 1015 1629 magna
1068 1545 1273 1610 domo
1322 1566 1455 1610 non
1501 1556 1784 1629 possunt
1829 1549 2058 1612 omnia
2109 1568 2272 1613 uasa
2311 1546 2554 1611 similia
2602 1546 2933 1630 repperiri,

526 1645 683 1711 licet
717 1647 804 1711 sit
848 1648 1090 1712 domus
1132 1646 1329 1712 ualde
1373 1668 1661 1730 magna;
1711 1649 1829 1713 sed
1873 1650 2045 1713 inter
2089 1670 2290 1715 aurea
2326 1659 2395 1713 et
2425 1658 2743 1733 argentea
2773 1668 2936 1713 uasa

524 1751 1009 1836 perspiciuntur
1048 1759 1115 1816 et
1161 1752 1383 1836 lignea
1426 1761 1493 1816 et
1546 1752 1813 1833 fictilia3
1882 1763 1950 1818 et
1994 1754 2126 1818 alia
2166 1754 2438 1837 quidem
2473 1752 2688 1818 multo
2732 1754 2938 1836 digna

525 1864 683 1919 sunt
710 1855 982 1935 honore,
1014 1856 1148 1921 alia
1176 1876 1335 1921 uero
1376 1864 1533 1921 sunt
1574 1857 2201 1940 contemptibiliora,
2234 1867 2302 1921 et
2343 1856 2428 1920 ad
2455 1866 2710 1921 certum
2741 1876 2933 1920 usum

526 1958 845 2023 discreta!
933 1960 1183 2023 deinde
1211 1960 1369 2044 quia
1399 1968 1467 2025 et
1514 1961 1840 2025 naturalis
1887 1983 2204 2026 uasorum
2244 1970 2388 2027 erat
2429 1961 2684 2039 diuisi0‚
2730 1970 2806 2026 ut
2853 1981 2938 2024 ne

422 2082 494 2150 15
526 2061 687 2145 quid
718 2060 855 2127 tale
885 2064 1064 2147 apud
1100 2083 1223 2127 nos
1252 2064 1693 2139 existimaret,
1729 2064 2013 2129 adiecit:

655 2198 723 2262 si
759 2198 933 2263 enim
973 2199 1093 2283 qui
1126 2220 1193 2265 se
1238 2199 1661 2265 mandauerit
1700 2200 1784 2264 ab
1811 2200 1934 2279 lzis,
1962 2201 2095 2265 erit
2124 2222 2247 2266 uas
2279 2201 2348 2266 in
2377 2202 2626 2279 honore,
2653 2198 2941 2285 sanctifi-

523 2313 739 2368 catum
766 2313 831 2368 et
854 2304 1167 2388 optimum
1196 2305 1498 2383 Domine,
1529 2306 1628 2369 ad
1649 2326 1832 2369 omne
1858 2316 2013 2387 opus
2042 2306 2276 2370 bonum
2292 2317 2778 2389 praeparatum.

656 2425 674 2452 ‘
696 2420 813 2484 sed
856 2420 1039 2504 quod
1076 2418 1210 2484 illic
1257 2421 1539 2486 materia
1582 2420 1927 2499 naturaliS,
1973 2420 2135 2485 facit
2190 2419 2347 2505 [hic]
2392 2422 2940 2506 arbitrium—qui

625 2582 646 2618 1
684 2565 839 2618 homo
875 2567 989 2632 (sor
1016 2567 1119 2618 hoc
1148 2567 1323 2629 modo)
1351 2565 1501 2632 CH!
1527 2568 1593 2619 de
1615 2567 1724 2632 (ὀνςίι
1749 2567 1848 2628 his)
1889 2568 1995 2617 add
2025 2584 2058 2618 r

520 2665 601 2700 om
623 2666 656 2699 r
814 2648 847 2701 6
879 2651 1085 2716 quidam
1109 2650 1227 2716 (sor
1244 2651 1513 2716 quaedam)
1538 2652 1605 2700 H
1622 2651 1632 2716 Ι
1661 2651 1853 2701 honore
1873 2652 1944 2702 H
2097 2662 2125 2715 7
2159 2651 2460 2702 contumelia
2482 2651 2551 2700 H
2697 2651 2729 2699 8
2762 2651 2941 2700 domus

522 2735 597 2778 est
620 2728 743 2779 eccl.
770 2729 867 2794 (om
890 2729 1015 2791 Dei)
1034 2745 1067 2778 r
1302 2741 1361 2792 13
1390 2729 1792 2795 contemptibilia
1811 2747 1846 2778 r
2077 2746 2132 2791 1⁴
2168 2739 2244 2780 est
2269 2731 2384 2795 (for
2402 2731 2473 2791 et)
2501 2729 2572 2780 C‘
2593 2744 2606 2778 τ
2639 2745 2717 2779 om
2739 2745 2774 2779 r
2796 2727 2806 2794 Ι
2833 2736 2939 2780 erat

522 2829 627 2863 uas.
655 2829 689 2862 r
854 2825 909 2875 15
944 2821 995 2863 et
1016 2811 1271 2863 estimaret
1297 2811 1378 2862 C*
1402 2810 1718 2863 exestimaret
1737 2813 1805 2861 H
1823 2809 1832 2876 Ι
1861 2810 2016 2862 adicit
2043 2812 2088 2862 C
2106 2828 2139 2861 r
2309 2810 2367 2863 16
2401 2811 2574 2861 mund.
2597 2827 2652 2862 se
2673 2828 2706 2861 r
2882 2825 2940 2875 17

524 2903 752 2962 paratum
774 2895 844 2945 H
1030 2896 1091 2944 18
1122 2895 1205 2945 hic
1225 2911 1303 2945 om
1332 2895 1376 2945 C
1388 2895 1455 2944 H
1468 2892 1479 2959 Ι
1509 2901 1584 2944 est
1609 2891 1708 2960 (ast
1726 2893 1858 2960 arb.)
1881 2894 1986 2944 add
2002 2895 2070 2943 H

589 3027 636 3078 5.
702 3013 828 3077 sola]
891 3015 1005 3065 The
1039 3014 1189 3065 Latin
1228 3013 1519 3065 authorities
1556 3014 1686 3066 have

526 3098 780 3150 “solum'‘
832 3113 893 3148 or
941 3098 1235 3149 “tantum-'⁹
1319 3098 1416 3148 Th.
1468 3098 1685 3163 perhaps

2240 2584 2273 2630 4
2306 2566 2352 2617 ei
2384 2583 2464 2616 om
2501 2567 2548 2617 C
2717 2580 2744 2629 5
2779 2566 2942 2631 inquit

1787 3012 1953 3066 σκεῦος
1987 3018 2175 3077 ξύλινον
2209 3013 2318 3067 οὐδὲ
2349 3013 2668 3081 ὄστρᾶκινον),
2705 3016 2942 3069 followed

1786 3099 1856 3164 by
1891 3099 2048 3150 Thdt.
2088 3098 2299 3165 (μεγάλη
2335 3101 2425 3158 μὲν
2469 3100 2596 3161 οίκίᾳ
2629 3102 2716 3150 τὸν
2757 3098 2942 3161 κόσμον

526 3182 646 3232 read
686 3181 815 3240 μόνα
860 3179 935 3245 (so
978 3181 1065 3231 the
1121 3180 1374 3232 Leicaeter
1417 3183 1531 3234 MS.
1582 3184 1684 3233 and

527 3264 669 3314 Paul.
694 3261 796 3327 80).

592 3348 640 3397 8.
708 3361 896 3412 magna
941 3345 1152 3412 (inquit)
1194 3353 1280 3408 cst,
1321 3344 1435 3409 &c.]
1500 3347 1579 3397 Cf.
1617 3359 1681 3398 11.

525 3445 578 3494 p.
608 3445 715 3494 131,
743 3429 778 3478 l.
803 3427 849 3490 6,
878 3435 1014 3480 note.
1083 3429 1167 3480 On
1192 3429 1276 3479 the
1310 3429 1687 3495 interpretation

527 3511 586 3560 os
614 3512 664 3561 ἐν
682 3511 882 3574 μεγάλῃ
904 3511 1033 3573 οἰκίᾳ
1056 3511 1142 3560 the
1163 3510 1387 3576 pau-istic
1410 3513 1690 3577 expositors

528 3612 613 3646 are
644 3604 699 3646 at
737 3595 984 3645 variance.
1072 3595 1342 3657 Ambrstr.,
1386 3596 1519 3658 wh0,
1564 3596 1687 3646 with

528 3678 645 3738 Th„
692 3677 1023 3727 understands
1068 3676 1202 3726 “the
1248 3674 1503 3738 Church,”
1550 3679 1688 3728 attri-

528 3759 675 3810 butoe
720 3757 806 3808 the
850 3757 1081 3823 opposite
1124 3757 1251 3808 view
1311 3763 1365 3807 to
1401 3758 1688 3809 Novatian:

530 3840 781 3890 “insanus
818 3847 987 3888 tamen
1034 3839 1350 3890 Nouatianus
1396 3841 1560 3904 [Rom.
1593 3843 1685 3902 ed„

530 3921 782 3983 Nouatus]
816 3929 871 3970 ut
909 3921 1037 3970 mori
1085 3937 1178 3971 suo
1220 3921 1506 3973 blandiatur
1549 3923 1695 3973 aliter

532 4003 630 4053 hoc
683 4003 1075 4069 intellegendum
1128 4005 1312 4064 tradit;
1368 4012 1423 4054 ut
1486 4005 1693 4056 ‘domus

534 4083 743 4147 magna'
791 4091 954 4134 totus
998 4084 1248 4136 mundus
1284 4085 1552 4150 significari
1589 4101 1690 4136 cre-

532 4165 730 4216 datur.”
780 4165 905 4214 This
928 4165 1074 4216 latter
1094 4165 1473 4232 interpretation
1498 4167 1539 4218 is
1554 4167 1692 4217 how-

533 4260 650 4294 ever
690 4244 997 4294 maintained
1031 4245 1099 4310 by
1134 4245 1308 4310 Chrys.
1352 4245 1426 4308 (ου“
1463 4249 1575 4309 περὶ
1607 4249 1695 4306 τῆς

533 4323 791 4383 ἐκκλησίας
832 4325 1005 4387 λέγων,
1057 4326 1188 4374 ἀλλὰ
1233 4327 1341 4389 περὶ
1386 4323 1472 4376 τοῦ
1515 4327 1695 4388 κόσμου

534 4402 735 4455 παντός·
768 4406 837 4466 μὴ
858 4407 956 4470 ’γάρ
976 4425 1058 4466 μοι
1092 4409 1181 4467 τὴν
1213 4403 1477 4470 ἐκκλησίαν
1512 4407 1693 4458 ὑπολά-

536 4489 637 4548 βῃς,
687 4487 891 4537 ἐνταῦθα
946 4485 1039 4551 γὰρ
1096 4487 1229 4539 οὐδὲν
1285 4492 1515 4552 βούλεται
1572 4490 1694 4538 εἶναι

1787 3179 2088 3245 ἀπείκασεν),
2134 3182 2236 3231 and
2271 3181 2375 3232 still
2414 3196 2553 3232 more
2589 3181 2943 3248 emphatically

1785 3260 1854 3323 by
1879 3260 2045 3325 Pelag.
2081 3262 2135 3322 (“
2151 3277 2384 3326 mag-narn
2413 3261 2620 3311 domum
2652 3277 2754 3311 non
2788 3263 2945 3313 eccle·

1786 3345 1912 3395 siam
1954 3343 2092 3399 dicit,
2136 3350 2199 3393 ut
2248 3343 2488 3409 quidam
2535 3349 2773 3408 putant,
2816 3359 2946 3409 quae

1787 3441 1889 3476 non
1932 3425 2084 3475 habet
2129 3426 2376 3475 maculam
2421 3440 2584 3491 neque
2627 3442 2817 3491 rugam,
2856 3426 2946 3477 sed

1788 3508 2028 3557 mundum
2047 3505 2112 3568 ‘').
2181 3507 2292 3557 The
2315 3508 2465 3557 Latin
2486 3506 2737 3558 followers
2765 3507 2826 3558 of
2852 3509 2944 3558 Pe-

1789 3591 1888 3655 lag.
1919 3606 2002 3640 are
2037 3589 2277 3651 divided3
2317 3589 2549 3639 Sedulius
2585 3590 2723 3640 Scot.
2763 3588 2947 3655 simply

1790 3677 1985 3735 repeats
2029 3669 2108 3719 his
2151 3678 2418 3727 comment,
2465 3669 2631 3719 whilst
2680 3669 2947 3720 Primasius

1791 3752 1975 3801 inverts
2009 3751 2081 3802 it:
2123 3755 2154 3778 “
2168 3766 2404 3816 magnam
2441 3751 2647 3800 domum
2685 3749 2948 3802 ecclesiam

1793 3835 2096 3886 dicit...nam
2129 3836 2237 3885 sine
2269 3835 2466 3885 macula
2497 3843 2549 3885 et
2585 3851 2708 3899 ruga
2743 3835 2950 3885 ecclesia

1794 3927 1908 3984 post
1931 3917 2337 3968 resurrectionem
2359 3918 2452 3968 erit
2475 3915 2688 3967 futura.’'

1865 4014 1938 4062 13.
2022 3998 2478 4063 contemptibiltbra]
2582 3998 2666 4048 Cf.
2723 3997 2943 4060 Ronsch,

1793 4083 1945 4142 Itala,
1973 4099 2020 4148 p.
2051 4097 2161 4134 110.

1867 4178 1942 4227 17.
1997 4163 2238 4228 optimum
2283 4163 2528 4225 Domino]
2578 4163 2848 4226 εὔχρηστον
2887 4162 2964 4224 τῷ

1795 4244 2026 4308 δεσπότῃ.
2117 4245 2267 4295 Latin
2327 4245 2565 4302 versions,
2623 4245 2793 4295 “utile
2847 4243 2955 4294 D.’'

1796 4328 2178 4391 Praeparatum,
2217 4343 2274 4376 so
2308 4328 2584 4388 Ambrstr.;
2623 4326 2767 4376 other
2805 4326 2954 4377 Latin

1795 4409 2099 4468 authorities,
2131 4412 2161 4436 ‘⁸
2177 4406 2454 4473 paratum.”

1869 4491 1938 4540 18.
2001 4491 2087 4539 sed
2116 4490 2249 4554 quod
2279 4490 2395 4548 illic,
2439 4487 2555 4550 ἄτα]
2627 4485 2707 4538 Cf.
2751 4485 2954 4550 Chrys.:
