3250 5025
370 358 824 411 FRAGMENTS
870 361 965 412 OF
1009 362 1163 411 THE
1210 361 1599 412 DOGMATIC
1645 360 1912 412 WORKS
1959 361 2053 412 OF
2099 360 2522 412 THEODORE.
2605 358 2724 424 315

518 547 574 604 4.
660 528 820 611 [Act.
854 532 1042 592 Conc.
1075 532 1195 592 CP.
1228 529 1286 590 ii.
1320 549 1399 590 ιν.
1431 551 1470 605 4
1504 531 1566 611 (“
1584 551 1660 592 ex
1689 532 1906 592 eodem
1936 531 2088 593 libro
2108 531 2184 609 ’').
2272 529 2406 608 Vig.
2441 527 2521 610 4].

434 646 617 704 Suam
665 657 869 705 autem
918 644 1402 722 cooperationem
1440 647 1517 706 ad
1566 645 1880 724 proposita
1923 665 2108 723 opera
2148 646 2490 723 praestabat
2531 643 2587 704 ei
2628 643 2731 721 qui

314 743 667 821 adsumptus
712 755 818 805 est.
904 743 1006 803 ubi
1059 744 1175 803 hoc
1218 743 1357 802 facit
1406 743 1470 801 in
1516 745 1654 803 loco
1699 760 1906 802 sensus
1947 743 2128 802 fuisse
2177 741 2461 802 deitatem
2504 740 2586 801 illi
2629 739 2732 819 qui

314 841 669 917 adsumptus
712 841 847 900 est?
887 858 1001 899 nec
1039 839 1199 898 enim
1240 839 1324 900 eis
1362 839 1844 916 quibuscumque
1883 858 2054 898 suam
2084 839 2333 900 donauit
2360 837 2731 916 cooperatio-

317 956 459 997 nem
530 955 740 996 sensus
797 937 997 996 locum
1046 936 1132 996 eis
1185 936 1516 997 obtinebat.
1625 937 1674 996 si
1731 947 1934 996 autem
1993 946 2052 996 et
2107 938 2294 997 modo
2349 936 2732 1013 praecipuam

315 1036 621 1112 quandam
670 1033 1157 1110 cooperationem
1192 1033 1441 1094 donauit
1475 1033 1558 1092 illi
1596 1032 1701 1110 qui
1742 1034 2093 1110 adsumptus
2122 1042 2226 1102 est,
2259 1051 2382 1092 non
2411 1033 2529 1091 hoc
2555 1030 2731 1092 facie-

313 1133 419 1192 bat
464 1133 665 1192 locum
712 1151 921 1192 sensus
958 1133 1240 1192 deitatem
1277 1132 1563 1192 obtinere.
1649 1133 1757 1192 sed
1793 1131 1844 1190 si
1874 1131 2066 1192 deitas
2093 1150 2202 1208 pro
2233 1150 2411 1190 sensu
2441 1131 2622 1191 fiebat
2651 1130 2736 1192 illi

316 1228 419 1306 qui
447 1231 801 1306 adsumptus
844 1241 953 1300 est,
994 1232 1329 1290 secundum
1362 1242 1558 1290 uestra
1596 1231 1799 1302 uerba,
1835 1230 2146 1308 quomodo
2191 1229 2464 1291 timorem
2503 1228 2566 1289 in
2603 1249 2736 1306 pas-

316 1326 484 1388 sione
530 1327 937 1406 suscipiebat?
996 1327 1141 1404 quid
1188 1328 1734 1389 uehementioribus
1783 1327 2150 1389 orationibus
2199 1329 2276 1389 ad
2323 1327 2734 1389 imminentem

315 1425 732 1486 necessitatem
760 1424 1085 1503 indigebat,
1125 1445 1273 1503 quas
1316 1445 1453 1484 cum
1494 1445 1710 1503 magna
1739 1425 1985 1503 quidem
2015 1437 2076 1486 et
2104 1428 2368 1486 clamosa
2395 1445 2564 1499 uoce,
2592 1445 2734 1485 cum

315 1521 583 1598 plurimis
612 1532 809 1582 autem
840 1521 1116 1594 lacrimiS,
1142 1523 1473 1583 secundum
1502 1523 1746 1582 beatum
1776 1523 2046 1594 Paulum,
2071 1523 2362 1582 referebat
2392 1523 2564 1582 Deo?
2593 1542 2736 1599 quo-

315 1618 501 1678 modo
528 1617 741 1679 timore
770 1631 936 1679 tanto
965 1619 1344 1680 detinebatur
1366 1631 1432 1680 ut
1451 1639 1524 1679 ex
1546 1619 1844 1680 immensa
1859 1617 2258 1696 trepidatione
2280 1620 2476 1679 fontes
2505 1619 2735 1679 sudoris

316 1713 657 1788 dimitteret,
677 1715 1043 1800 euangelista
1069 1728 1273 1793 aperte
1302 1717 1543 1776 dicente
1572 1717 1736 1794 quod
1765 1715 1954 1793 globis
1983 1715 2290 1792 sanguinis
2319 1714 2525 1776 similis
2553 1717 2736 1777 sudor

316 1811 758 1872 descendebat?
797 1809 945 1889 quid
962 1823 1160 1872 autem
1192 1823 1252 1872 et
1278 1812 1475 1890 angeli
1497 1814 1764 1872 aduentu
1794 1822 1853 1871 et
1880 1811 2224 1873 uisitatione
2243 1815 2456 1889 egebat
2473 1811 2734 1872 animam

312 1906 631 1969 reficientis
679 1909 741 1967 in
789 1907 1196 1986 experimento
1239 1911 1551 1981 malorum,
1587 1909 1975 1969 confortantis
2013 1909 2139 1970 eius
2173 1910 2557 1978 alacritatem,
2587 1909 2737 1969 exci-

316 2002 497 2064 tantis
527 2023 666 2064 eum
694 2004 773 2064 ad
800 2003 1217 2064 imminentem
1246 2004 1541 2081 passionis
1576 2004 2012 2076 necessitatem,
2044 2006 2294 2065 tolerare
2322 2005 2550 2065 fortiter
2577 2006 2735 2065 mala

318 2101 641 2170 suadentiS,
686 2099 945 2179 urgentis
982 2102 1063 2161 ad
1099 2099 1450 2178 patientiam
1487 2110 1547 2160 et
1585 2101 1962 2161 tolerantiam
1999 2103 2309 2176 malorum,
2364 2101 2734 2163 ostendentis

316 2198 718 2275 praesentium
746 2200 1038 2258 malorum
1066 2200 1320 2258 fructum
1339 2218 1412 2258 ex
1430 2197 1728 2274 passione,
1750 2198 2145 2258 mutationem
2166 2197 2487 2276 ingloriam
2511 2200 2734 2260 bonam

317 2293 475 2355 circa
512 2314 649 2356 eum
695 2306 832 2373 post
880 2295 1219 2372 passionem
1258 2296 1560 2354 futuram?
1622 2294 1724 2372 qui
1769 2292 1929 2354 enim
1967 2297 2298 2356 secundum
2336 2294 2738 2373 euangelistae

315 2412 531 2452 uocem
560 2393 938 2454 confortabat
959 2411 1115 2465 eum,
1136 2395 1381 2470 angelus
1409 2393 1656 2466 scilicet,
1677 2391 1876 2453 uerbis
1903 2391 2028 2452 istis
2056 2394 2270 2454 fortem
2299 2414 2439 2454 eum
2460 2394 2734 2470 faciebat,

318 2501 379 2551 et
434 2488 761 2551 infirmitati
818 2503 1066 2553 naturae
1124 2491 1491 2570 superiorem
1535 2490 1660 2552 fieri
1705 2491 2148 2567 cohortabatur,
2191 2503 2251 2552 et
2291 2490 2736 2552 corroborando

315 2588 714 2666 cogitationes
743 2589 871 2650 eius
900 2592 1115 2651 sortem
1144 2609 1283 2649 eum
1313 2590 1589 2651 faciebat.

322 2790 374 2849 5.
460 2769 620 2853 [Act.
679 2772 868 2834 Cone.
918 2772 1039 2832 CP.
1095 2769 1153 2831 ii.
1209 2787 1287 2829 ιν.
1342 2786 1375 2848 5
1426 2770 1489 2850 (“
1508 2782 1567 2832 et
1615 2780 1754 2847 post
1802 2769 1918 2830 alia
1972 2768 2034 2830 in
2091 2772 2308 2831 eodem
2363 2771 2516 2832 libro
2572 2771 2735 2833 idem

322 2880 327 2883 '
480 2870 835 2930 Theodorus
905 2888 979 2929 ex
1048 2888 1308 2947 persona
1364 2868 1603 2942 Christi,
1661 2868 1832 2945 quasi
1886 2869 2306 2947 respondentis
2361 2872 2439 2931 ad
2495 2874 2736 2933 Petrum

480 2966 783 3027 dicentem
834 2965 1072 3027 Christo
1118 2968 1195 3027 de
1250 2966 1530 3043 passione
1579 2965 1770 3027 crucis
1801 2968 2100 3044 propitius
2142 2970 2261 3044 tibi,
2311 2970 2580 3045 Domine,
2623 2991 2738 3030 non

480 3065 593 3123 erit
616 3064 723 3123 tibi
746 3064 919 3136 istud,
949 3062 1035 3123 ita
1061 3062 1259 3123 intulit
1278 3060 1389 3144 ’')].

458 3178 611 3236 Vade
618 3185 758 3253 post
781 3198 883 3249 me,
914 3179 1181 3248 Satana‚·
1219 3180 1555 3237 scandalum
1585 3180 1736 3237 mihi
1757 3198 1829 3247 es,
1857 3180 2016 3255 quod
2033 3198 2148 3239 non
2173 3180 2334 3257 sapis
2358 3200 2422 3239 ea
2447 3200 2595 3257 quae
2617 3184 2744 3242 Dei

318 3284 471 3347 sunt,
505 3276 606 3335 sed
628 3294 696 3333 ea
731 3293 877 3350 quae
916 3276 1213 3334 hominum
1226 3275 1280 3335 ’ἢ
1369 3278 1521 3335 ‘non
1551 3286 1642 3335 est
1669 3276 1946 3336 confusio
1974 3275 2122 3335 mihi
2149 3295 2330 3348 morS,
2361 3295 2484 3337 non
2512 3278 2736 3357 fugiam

318 3371 510 3450 ipsam
540 3382 605 3431 ut
631 3370 1029 3444 indecentem,
1060 3371 1141 3431 ad
1169 3373 1494 3431 humanam
1521 3370 1772 3447 gloriam
1799 3369 2152 3447 respiciens;
2195 3370 2507 3433 sustinebo
2534 3385 2736 3434 autem

320 3468 564 3529 meliore
600 3466 805 3528 animo
846 3466 1319 3545 experimentum
1360 3468 1569 3527 mortis
1605 3486 1717 3543 pro
1755 3468 2024 3544 plurimis
2062 3468 2239 3529 bonis
2265 3468 2490 3542 suturiS,
2523 3470 2584 3530 in
2613 3471 2738 3548 qui-

320 3568 432 3629 bus
473 3579 533 3627 et
569 3566 701 3644 ipse
738 3568 921 3639 suem,
958 3576 1019 3625 et
1068 3585 1173 3642 per
1210 3584 1309 3625 me
1343 3584 1570 3625 omnes.
1672 3585 1750 3625 ne
1794 3564 1940 3625 mihi
1981 3564 2246 3625 animum
2291 3566 2493 3627 laedas
2537 3587 2738 3646 neque

318 3666 539 3738 turbeS,
586 3674 895 3740 tamquam
937 3662 1291 3724 confusione
1337 3660 1583 3739 dignum
1633 3664 1836 3739 fugere
1884 3664 2218 3724 admonens
2262 3663 2469 3725 mortis
2516 3665 2739 3743 experi-

321 3762 628 3823 mentum.’

592 3944 645 4000 6.
734 3939 890 4023 [Act.
926 3942 1111 4003 Conc
1146 3942 1267 4001 CP.
1302 3940 1357 4004 ii.
1388 3959 1465 4001 ιν.
1500 3943 1535 3999 6
1569 3940 1711 4019 (“et
1738 3952 1876 4018 post
1905 3940 2021 4001 alia
2037 3939 2116 4019 '').
2201 3942 2331 4021 Vig.
2369 3940 2449 4023 6].

444 4058 629 4135 Quod
666 4056 828 4118 enim
865 4055 1093 4116 dictum
1134 4065 1249 4115 est:
1290 4058 1596 4115 ducebatur
1620 4076 1660 4114 a
1703 4056 2004 4132 Spiritu†,
2039 4068 2242 4133 aperte
2282 4058 2400 4117 hoc
2442 4057 2736 4135 significat

346 4244 353 4249 .
420 4217 448 4251 2
485 4208 559 4251 est
581 4218 659 4251 om
694 4201 745 4250 V
879 4219 910 4262 4
944 4198 1049 4251 eius
1076 4200 1119 4249 C
1150 4199 1203 4247 V
1320 4214 1351 4264 9
1384 4198 1664 4249 clamorosa
1696 4198 1749 4246 V
1873 4213 1932 4247 10
1965 4198 2558 4263 quomodo...dimitteret
2580 4216 2660 4249 om
2695 4202 2746 4250 V

328 4299 387 4348 ¹4
412 4281 728 4333 exercitantis
763 4282 814 4331 V
999 4296 1063 4330 ἰο
1094 4280 1390 4330 hortabatur
1424 4279 1476 4329 V
1662 4296 1688 4330 a
1695 4296 1722 4344 3
1759 4278 1895 4345 fugio
1930 4279 1981 4328 V
2167 4278 2228 4329 26
2263 4295 2342 4330 me
2365 4296 2443 4329 om
2479 4281 2530 4330 V
2545 4278 2554 4347 Ι
2584 4290 2734 4347 atque

323 4366 441 4432 (sor
457 4366 640 4433 neque)
677 4366 727 4416 V
912 4376 974 4427 27
1009 4364 1251 4413 admones
1286 4364 1337 4412 V

222 4451 231 4461 “
824 4446 849 4471 ¹*
890 4447 943 4497 S.
970 4447 1119 4496 Mart.
1145 4446 1245 4495 xvi.
1273 4461 1349 4506 τι,
1377 4462 1455 4509 ²3·
1773 4444 1807 4497 ἢ·
1842 4446 1896 4496 S.
1922 4444 2065 4495 Luke
2089 4445 2155 4495 iv.
2189 4464 2228 4496 r.

2803 1031 2834 1092 5

2767 1535 2840 1575 10

2768 2017 2836 2075 15

2767 2503 2842 2541 20

2767 3485 2837 3544 25
