3250 5025
299 320 414 385 IV.
449 336 502 401 5,
536 320 622 405 6.]
886 333 968 383 IN
1017 334 1122 384 ΕΡ.
1167 332 1271 383 AD
1315 330 2062 388 THESSALONICENSES
2110 331 2154 381 1.
2633 330 2713 392 23

291 508 379 571 ad
413 505 690 571 alteram
723 506 998 571 ulterius
1025 506 1384 571 intueatur.
1446 505 1743 588 apertius
1769 525 1927 569 uero
1962 503 2141 568 dixit
2172 523 2299 567 non
2329 500 2401 566 in
2416 499 2719 583 passione

289 611 827 693 concupiscentiae,
861 632 940 675 eo
971 612 1152 693 quod
1185 611 1316 675 ista
1346 630 1552 692 agens
1589 630 1726 675 non
1773 609 1965 691 quasi
2008 606 2207 671 uxori
2253 626 2412 669 suae
2454 605 2716 669 iunctus

293 735 438 777 esse
470 716 747 792 uidetur,
781 714 898 779 sed
931 724 1204 797 propter
1233 714 1755 797 permixtionem
1788 712 2001 777 solam
2034 712 2101 775 id
2136 712 2358 793 agitur
2390 708 2715 785 absolute,

296 836 499 899 quam
533 817 946 900 ‘passionem
977 816 1588 899 concupiscentiae’
1630 812 2101 899 nuncupauit*
2178 812 2719 895 concupiscentia

297 918 476 981 enim
523 920 590 982 in
635 920 910 984 crimine
955 921 1178 983 uocari
1224 940 1359 984 non
1405 928 1647 1002 potest,
1678 938 1758 983 eo
1803 918 1983 1001 quod
2028 926 2306 981 naturae
2347 924 2605 978 motum
2648 913 2713 977 in
2749 927 2779 994 5

298 1038 490 1083 suam
532 1021 804 1103 explere
834 1023 1100 1087 uidetur
1129 1041 1430 1087 uxorem.
1507 1020 1959 1105 ‘passionem’
2006 1040 2165 1083 uero
2212 1017 2717 1100 ‘concupiscen-

295 1120 466 1184 tiae’
512 1123 709 1204 dixit,
757 1125 936 1206 quod
993 1124 1136 1187 aliis
1190 1122 1452 1187 seminis
1498 1123 1815 1206 permixti
1863 1123 2066 1186 etiam
2112 1141 2266 1184 suas
2321 1139 2566 1183 uxores
2630 1117 2715 1181 ad

297 1224 802 1289 similitudinem
850 1248 1079 1291 earum
1125 1228 1310 1292 abuti
1373 1228 1596 1293 uelint.
1687 1228 1932 1293 deinde
1995 1225 2497 1310 comparatione
2560 1242 2718 1285 con-

300 1326 578 1389 trarium
610 1348 780 1409 opus
813 1329 1029 1413 ipsum
1063 1330 1464 1394 sufficienter
1493 1331 1884 1414 derogauit:

429 1479 598 1544 sicut
623 1490 688 1545 et
702 1490 927 1565 gentes
953 1502 1117 1563 quae
1146 1482 1437 1545 nesciunt
1464 1481 1701 1547 Deum.
2754 1486 2835 1537 10

430 1611 597 1675 haec
628 1610 856 1673 dicens
897 1610 982 1673 de
1023 1609 1152 1674 illis
1197 1610 1394 1687 dixit,
1427 1610 1541 1691 qui
1585 1629 1833 1673 uxores
1874 1608 2201 1673 habentes
2242 1606 2387 1672 aliis
2434 1605 2721 1671 mulieri-

303 1710 426 1773 bus
458 1712 1059 1793 permiscebantur3
1108 1712 1175 1775 in
1211 1710 1781 1794 'subsequentibus
1818 1731 1979 1775 uero
2022 1712 2325 1792 disputat
2367 1717 2436 1773 et
2476 1708 2561 1773 de
2594 1707 2721 1772 illis

304 1814 418 1896 qui
451 1815 862 1897 usurpabant
885 1814 1280 1897 permiscere
1311 1814 1438 1879 illis
1471 1814 1876 1891 mulieribus,
1902 1832 2076 1897 quae
2106 1814 2403 1897 legitime
2434 1812 2723 1877 maritali

306 1925 497 1979 erant
527 1916 792 1980 iunctae
822 1916 1065 1981 affectu
1095 1940 1110 1981 ε

435 2078 513 2130 ut
539 2089 664 2131 non
691 2068 1224 2152 supergrediatur
1248 2080 1314 2134 et
1322 2068 1610 2152 fraudet
1638 2069 1709 2133 in
1740 2068 1990 2152 negotio
2004 2068 2303 2150 fratrem
2331 2087 2542 2132 suum.
2759 2073 2830 2140 15

437 2196 866 2279 pudicissime
896 2198 1167 2279 quidem
1210 2198 1389 2262 dixit
1420 2198 1491 2260 in
1538 2197 1785 2279 negotio
1803 2222 1835 2272 ,·
1882 2217 2000 2279 per
2029 2197 2256 2259 omnia
2296 2216 2455 2259 uero
2487 2195 2725 2279 iniqui-

309 2307 518 2361 tatem
550 2299 767 2380 operis
799 2300 1039 2362 enixus
1069 2307 1172 2362 est
1203 2319 1497 2382 arguere.
1586 2318 1745 2361 nam
1783 2298 1946 2361 dum
1989 2297 2152 2361 dicit
2183 2318 2307 2359 non
2334 2293 2724 2378 supergredi,

309 2402 500 2485 quasi
549 2403 869 2465 terminos
921 2403 1250 2483 quosdam
1301 2402 1556 2484 positos
1605 2400 2040 2463 inuadentem
2096 2398 2333 2481 arguit.
2413 2418 2494 2460 eo
2545 2396 2725 2479 quod

308 2504 487 2568 dixit
500 2503 855 2586 fraudare,
889 2504 1081 2588 quasi
1112 2503 1227 2587 qui
1260 2502 1548 2567 alienam
1581 2502 1841 2567 auferat
1871 2502 2380 2584 possessionem.
2446 2510 2515 2564 et
2544 2498 2726 2582 quod

309 2607 490 2672 dixit
518 2607 833 2689 fratrem,
885 2609 1099 2671 maius
1151 2608 1403 2671 crimen
1453 2607 1816 2689 aggerauit,
1871 2607 1926 2669 si
1982 2616 2051 2670 et
2094 2625 2249 2669 cum
2295 2624 2509 2668 uxore
2556 2602 2728 2666 illius
2758 2619 2845 2668 20

311 2711 426 2795 qui
479 2731 598 2793 per
649 2709 850 2776 fidem
900 2711 1102 2776 frater
1153 2720 1255 2777 est
1307 2711 1826 2792 permisceatur;
1880 2730 2080 2792 quem
2132 2719 2201 2773 et
2244 2707 2515 2772 fratrem
2562 2725 2731 2770 nun·

311 2913 388 2979 τὸ
445 2917 532 2979 mi
587 2915 658 2980 ἐκ
722 2917 902 2980 πάθει
955 2911 1420 2996 &memmae
1479 2912 1564 2978 ἄν
1612 2917 1810 2979 τοῦτο
1861 2915 2205 2980 ποιοῦντος
2252 2909 2474 2977 οὐκέτι
2524 2908 2731 2996 ταύτῃ

311 3015 396 3087 ὡς
437 3013 694 3100 γυναικὶ
746 3013 1066 3094 συνόντος,
1115 3013 1298 3082 α’λλὰ
1350 3011 1454 3078 διὰ
1507 3013 1685 3099 μίξιν
1734 3016 1938 3099 μόνην
1988 3013 2232 3082 ἁπλῶς·
2286 3010 2446 3100 ὅπερ
2490 3009 2735 3083 πάθος

313 3116 724 3202 ἐπιθυμίας
768 3116 1096 3187 ἐκάλεσεν.

412 3298 442 3348 3
475 3281 580 3348 agit
612 3297 646 3331 r
907 3295 934 3345 5
981 3281 1034 3331 in
1071 3281 1260 3332 crimen
1295 3283 1493 3334 euocari
1535 3282 1580 3332 C
1609 3279 1756 3345 (corr)
2018 3280 2051 3328 8
2096 3276 2522 3342 comparationem
2562 3273 2641 3326 C*
2676 3276 2745 3326 H

311 3379 346 3430 9
389 3365 539 3431 ipsud
565 3361 645 3414 C*
849 3373 906 3426 17
941 3363 1106 3412 enisus
1132 3364 1177 3413 C
1195 3364 1343 3426 (corr)
1541 3378 1600 3413 αι
1638 3362 1739 3412 fide
1765 3362 1810 3411 C
1828 3360 1979 3426 (corr)

385 3535 428 3570 1.
497 3517 737 3583 apertius]
799 3517 1010 3582 Jacobi=
1051 3517 1358 3568 “translator
1387 3519 1473 3577 ἐμ·
1573 3513 1797 3578 εὐφήμως
1830 3533 1895 3577 γε
1932 3514 2122 3577 σφόδρα
2166 3513 2246 3562 καὶ
2291 3511 2739 3573 ἑπικεκαλυμμένωσ

317 3597 646 3661 qia-randum
695 3597 827 3647 male
877 3597 1125 3648 intellexit
1177 3597 1318 3662 quasi
1369 3599 1466 3648 Th.
1573 3598 1665 3656 τὴν
1706 3596 1927 3656 μοιχείαν
1970 3595 2229 3652 ὠνόμασεν.
2301 3591 2520 3654 Thpht.:
2576 3593 2627 3640 ἐν
2667 3590 2743 3650 τῷ

313 3681 588 3744 scripsisset
619 3677 1030 3742 ἑμφανέστερον.”
1576 3676 1842 3738 πράγματι·
1886 3677 2155 3732 τουτέστιν,
2194 3672 2263 3734 τῇ
2296 3674 2434 3733 μίξει.
2509 3671 2739 3737 Pelagius

381 3764 432 3813 8.
513 3758 841 3821 contrarium]
917 3761 1138 3824 Perhaps
1165 3779 1210 3800 =
1233 3758 1476 3807 contrari·
1575 3757 1723 3807 offers
1752 3774 1783 3805 a
1810 3757 2085 3806 somewhat
2116 3754 2305 3804 similar
2338 3754 2731 3818 interpretation,

315 3861 478 3904 orum,
528 3845 620 3894 Le.
652 3840 751 3891 τῶν
794 3842 1014 3892 ἐναντίων
1059 3843 1123 3902 (=·-
1136 3842 1236 3890 τῶν
1291 3841 1472 3900 ἐθνῶν).
1577 3839 1668 3887 but
1690 3837 1845 3887 adds:
1886 3836 2034 3886 “siue
2058 3836 2109 3885 in
2132 3835 2408 3900 quolibet
2440 3835 2737 3896 (rep=·rwl?)

319 3929 462 3978 With
483 3927 918 3992 opus...derogauit
937 3925 1000 3974 cs.
1027 3937 1064 3974 1.
1089 3940 1138 3989 p.
1168 3938 1210 3973 1.
1239 3923 1271 3972 l.
1308 3938 1382 3986 13.
1577 3920 1795 3984 negotio,
1824 3934 1889 3968 ne
1912 3919 2022 3982 quis
2044 3918 2255 3968 altemm
2276 3916 2522 3968 fraudet.”

389 4024 464 4072 13·
531 4007 860 4072 usurpabant]
929 4011 942 4034 ‘
958 4003 1263 4071 proeumed‚'
1320 4010 1333 4032 ⁸
1350 4019 1480 4053 were
1652 4002 1727 4050 18.
1792 4001 1941 4066 quasi
1970 4001 2201 4049 terminos
2244 3997 2739 4064 quosdam...argu2·t]

316 4090 479 4155 guilty
499 4088 558 4140 of
573 4089 659 4139 the
679 4089 833 4139 crime
853 4087 941 4150 os,'
967 4089 1059 4139 διο.
1121 4087 1204 4137 Cf.
1227 4095 1399 4152 supra,
1421 4102 1470 4151 p.
1581 4083 1654 4133 So
1709 4081 1916 4146 Chrys:
2000 4081 2193 4142 ἑκάστῳ
2248 4083 2274 4131 ὸ
2330 4084 2434 4131 θεὸς
2488 4079 2741 4139 ἀπένειμεν

323 4187 399 4232 14,
427 4171 464 4218 l.
489 4183 569 4219 αι.
1577 4163 1799 4226 γυναῖκα,
1826 4163 1989 4224 ὄρους
2010 4163 2178 4222 ἔθηκεν
2198 4163 2260 4225 τῇ
2283 4163 2444 4223 φύσει.

388 4263 465 4312 ¹5-
514 4247 750 4314 fraudet]
813 4246 879 4298 O.
905 4248 966 4296 L.
991 4246 1094 4296 and
1115 4245 1291 4310 Vulg.‚
1337 4245 1480 4294 “cir-
1646 4259 1725 4294 πο.
1796 4244 1959 4292 maius
1996 4245 2183 4293 crimen
2217 4243 2494 4308 aggtrauit]
2554 4242 2737 4293 Thdt:

319 4327 656 4381 cumueniat.”
1577 4326 1783 4385 ηὔξησεν
1812 4326 1865 4374 δὲ
1896 4327 1987 4384 τὴν
2014 4327 2322 4388 κατηγορίαν,
2350 4323 2567 4386 ἀδελφὸν
2588 4325 2742 4385 δείξας

390 4411 464 4463 16.
521 4412 956 4478 pudakissime...in
973 4410 1178 4476 negvtt’o]
1213 4409 1293 4461 Cf.
1305 4410 1479 4461 Dam.=
1577 4409 1665 4458 τὸν
1685 4404 2002 4467 ἀδικούμενον.
