3250 5025
490 305 614 368 312
1455 306 1834 357 APPENDIX
1881 308 1946 358 A.

489 475 591 551 τὴν
619 477 897 557 ἐνέργειαν
920 477 1062 554 πρὸς
1087 478 1258 540 αὐτὸν
1283 480 1650 560 ἅπαράλλακ-
1751 500 1891 542 eum
1927 481 2258 543 secundum
2285 480 2696 559 operationem
2726 479 2908 541 indis·

489 600 603 649 τον,
651 574 938 638 αὕθεντίαν
979 603 1043 638 τε
1087 579 1183 640 καὶ
1237 579 1495 649 ἐξουσίαν
1547 577 1653 656 τὴν
1751 577 2005 641 similem
2023 578 2556 652 sui,auctoritatem
2573 590 2636 639 et
2653 589 2910 656 potesta·

490 671 665 751 αὐτὴν
690 673 1003 753 ἀδιαίρετον
1030 678 1229 758 ἔχοντα
1246 677 1458 755 καὶτήν
1471 703 1653 755 προσ·
1755 687 1876 737 tem
1905 681 2160 740 eandem
2199 675 2660 753 inseparabilem
2686 676 2910 736 haben-

493 771 726 848 κύνησιν
782 771 1043 852 ἰσότητος
1097 775 1247 858 νόμῳ
1298 774 1380 856 μή
1433 782 1650 857 παραλ·
1752 783 1876 835 tem
1917 786 2099 854 atque
2142 775 2553 836 adorationem
2599 772 2726 852 pari
2780 775 2912 851 lege

428 873 461 936 5
492 869 848 932 λάσσουσαν.
1751 893 1876 935 non
1905 874 2357 952 discrepantem.

826 1122 909 1180 11.
995 1123 1457 1185 TREATISES
1494 1125 1866 1186 AGAINST
1907 1123 2560 1186 APOLLINARIUS.

598 1289 862 1339 Facundus
884 1291 1009 1350 (viii.
1033 1292 1085 1351 4)
1111 1291 1289 1342 relata
1316 1290 1427 1341 that
1447 1291 1716 1341 Theodore
1747 1307 1851 1341 was
1881 1291 1967 1340 the
1995 1289 2175 1342 author
2204 1288 2264 1338 os
2285 1287 2476 1338 several
2497 1286 2664 1336 works
2689 1283 2913 1336 directed

496 1371 693 1434 against
728 1373 1208 1436 Apollinarianism:
1257 1375 1485 1438 “agebat
1522 1375 1658 1423 enim
1697 1374 1995 1423 Theodorus
2027 1372 2376 1437 frequenter
2410 1378 2514 1419 tam
2553 1368 2727 1417 libris
2759 1382 2912 1432 quam

496 1455 808 1505 sermonibus
830 1455 883 1504 in
906 1455 1149 1520 populum
1172 1463 1347 1508 contra
1370 1456 1688 1520 synusiastas
1709 1455 1814 1507 siue
1839 1455 1912 1519 (ut
1932 1456 1999 1506 ab
2020 1454 2236 1504 auctoris
2257 1453 2334 1502 sui
2358 1451 2560 1502 nomine
2581 1457 2695 1500 sunt
2725 1448 2910 1514 uocati)

506 1535 941 1601 ApollinaristaS.”
1022 1539 1133 1588 The
1177 1539 1340 1588 books
1385 1553 1452 1587 on
1498 1539 1582 1587 the
1624 1535 1943 1586 Incarnation
1979 1536 2146 1585 would
2189 1534 2446 1584 doubtless
2487 1532 2576 1582 sall
2620 1532 2780 1582 under
2814 1530 2915 1580 this

498 1619 819 1683 description,
838 1619 935 1668 and
962 1636 993 1668 a
1014 1619 1213 1670 treatise
1234 1620 1487 1685 expressly
1508 1619 1733 1668 directed
1754 1619 1950 1682 against
1973 1618 2316 1683 Apollinarius
2337 1617 2380 1667 is
2403 1616 2532 1666 cited
2554 1617 2622 1680 by
2647 1615 2914 1664 Facundus

498 1700 687 1749 further
720 1716 787 1750 on
829 1699 895 1764 (x.
942 1701 1016 1764 1):
1052 1717 1135 1750 see
1167 1701 1267 1750 this
1300 1701 1547 1764 fragment
1580 1701 1743 1764 infra,
1780 1716 1831 1765 p.
1867 1716 1978 1763 3²1·
2051 1699 2100 1748 It
2139 1715 2299 1749 seems
2337 1698 2628 1763 impossible
2662 1697 2786 1746 with
2823 1713 2916 1746 our

500 1789 699 1847 present
752 1783 1073 1832 information
1130 1791 1183 1833 to
1238 1783 1515 1832 determine
1568 1781 1798 1832 whether
1851 1782 1937 1831 the
1991 1782 2136 1831 other
2194 1781 2467 1844 fragments
2521 1779 2686 1828 which
2743 1777 2914 1827 follow

498 1866 685 1930 belong
710 1873 764 1915 to
784 1867 871 1916 the
893 1866 975 1915 De
991 1866 1362 1922 Incamatione,
1387 1881 1442 1914 as
1466 1865 1720 1916 Fritzsche
1749 1879 1942 1928 argue5‚
1969 1881 2026 1914 or
2048 1873 2102 1914 to
2133 1865 2218 1914 the
2243 1865 2326 1914 De
2347 1863 2679 1926 Apollinem-io,
2707 1877 2766 1910 or
2797 1869 2850 1910 to
2881 1875 2914 1910 a

498 1947 634 2002 third
658 1945 797 2000 work
826 1947 1174 2000 intermediate
1202 1947 1431 1998 between
1462 1947 1603 1996 these
1633 1954 1751 1996 two.
1823 1945 2076 2010 Ebedjesu
2107 1945 2356 1997 mentions
2378 1962 2409 1994 a
2431 1944 2632 1994 volume
2655 1943 2724 2008 by
2747 1943 2914 1992 Theo·

499 2072 621 2122 dore
654 2072 787 2134 [περὶ
808 2074 892 2124 τοῦ
914 2073 1151 2138 λαβόντος
1172 2072 1358 2124 καὶτοῦ
1380 2073 1691 2136 ληφθέντος1,
1729 2037 2057 2142 Mag
2095 2039 2396 2145 ἱόΟ-ὧ-ἷξ
2441 2038 2615 2142 unffi,
2654 2074 2822 2126 which
2851 2073 2917 2124 he

499 2213 852 2279 distinguishes
874 2212 1000 2263 from
1025 2213 1109 2264 the
1147 2175 1558 2328 '233²'th

1552 2395 1735 2454 Boot<
1777 2411 1867 2454 111.

510 2563 557 2601 1.
648 2540 807 2625 [Act.
832 2544 1017 2604 Conc.
1044 2544 1113 2603 C.
1140 2545 1203 2602 P.
1226 2542 1281 2602 ii.
1307 2559 1383 2601 ιν.
1423 2561 1448 2601 1
1482 2538 1545 2618 (⁶⁴
1567 2561 1640 2601 ex
1662 2543 1834 2602 tertio
1856 2542 2008 2603 libro
2031 2561 2080 2602 c.
2107 2541 2626 2622 Apollinarium'’).
2703 2542 2833 2621 Vig.
2864 2562 2910 2602 1.

666 2641 863 2717 Pela-g.
890 2640 945 2699 ii.
969 2641 1005 2697 l.
1020 2658 1059 2697 c.
1104 2638 1317 2715 Justin.
1340 2648 1417 2715 φ.
1438 2640 1574 2698 adu.
1596 2640 1660 2697 Τ
1646 2640 1699 2697 h.
1718 2636 1802 2715 (ἐν
1825 2644 1904 2717 τῷ
1929 2639 2096 2718 τρίτῳ
2117 2639 2274 2721 λόγῳ
2301 2639 2446 2700 κατὰ
2467 2640 2918 2721 Ἀπολιναρίου).

664 2738 877 2799 Leont.
911 2756 953 2795 c.
984 2738 1069 2795 N.
1098 2743 1152 2794 et
1174 2732 1303 2816 Eu]

627 2883 955 2960 Quomodo
1009 2880 1187 2960 igitur
1240 2894 1324 2956 tu,
1381 2882 1477 2941 cui
1546 2901 1725 2960 super
1784 2901 1997 2943 omnes
2057 2882 2317 2945 maxime
2379 2886 2556 2945 decet
2624 2886 2922 2947 mentium

502 2980 782 3059 regimen,
830 2981 993 3039 illum
1037 2978 1141 3057 qui
1182 2999 1255 3041 ex
1293 2977 1521 3056 uirgine
1562 2989 1737 3039 natus
1779 2990 1867 3039 est
1924 2982 2124 3039 Deum
2181 3000 2313 3043 esse
2364 2992 2425 3043 et
2467 3002 2540 3042 ex
2598 2985 2733 3045 Deo
2780 3004 2923 3045 con-

503 3075 955 3137 substantialem
1010 3074 1171 3135 Patri
1227 3074 1547 3136 existimari
1597 3073 1767 3148 dicis,
1817 3074 1932 3135 nisi
1979 3076 2131 3137 forte
2180 3090 2390 3138 sancto
2445 3077 2684 3157 Spiritui
2732 3080 2920 3158 impu·

506 3187 629 3233 tare
659 3172 813 3233 illius
841 3171 1203 3233 creationem
1231 3191 1343 3233 nos
1373 3172 1542 3232 iubes
1558 3176 1588 3232 Ρ

587 3284 727 3347 ἀλλ’
762 3284 796 3347 ὅ
833 3313 901 3369 γε
931 3287 1058 3349 θεὰς
1098 3285 1192 3345 καὶ
1232 3290 1292 3345 ἐκ
1335 3286 1483 3357 θεοῦ,
1525 3283 1660 3361 ὁμο·
1845 3285 1952 3345 sed
1983 3285 2087 3363 qui
2124 3298 2216 3347 est
2253 3290 2421 3349 Deus
2463 3299 2522 3349 et
2564 3308 2637 3348 ex
2679 3292 2818 3353 Deo
2859 3302 2922 3351 et

507 3384 704 3449 οί-σιος
767 3386 845 3465 τῷ
909 3384 1100 3461 πατρί,
1157 3384 1234 3462 τῷ
1284 3384 1391 3459 μὲν
1447 3384 1508 3440 ἐκ
1563 3383 1665 3458 τῆς
1763 3385 2538 3462 consubstantialisPatri,ei
2557 3388 2800 3465 quidem
2818 3389 2923 3467 qui

506 3484 790 3559 παρθένου
854 3484 1198 3567 γεννηθέντι,
1257 3480 1301 3542 ὦ
1360 3480 1662 3559 θαυμάσιε,
1763 3503 1838 3544 ex
1885 3483 2114 3561 uirgine
2157 3496 2330 3544 natus
2371 3494 2514 3559 erat,
2555 3504 2592 3545 o
2634 3485 2922 3556 mirande,

508 3581 602 3641 καὶ
640 3578 751 3640 tin-<3
794 3586 899 3641 τοῦ
942 3578 1107 3661 ἁγίου
1148 3576 1467 3656 πνεύματος
1521 3579 1668 3639 κατὰ
1767 3592 1826 3641 et
1883 3580 1986 3658 qui
2029 3600 2137 3658 per
2179 3580 2460 3658 Spiritum
2517 3592 2792 3642 sanctum
2839 3602 2926 3644 se-

408 3698 482 3739 ro
510 3675 607 3740 τάς
647 3678 799 3740 θείας
840 3675 1263 3738 ἅναπλασθέντι
1301 3676 1533 3756 γραφεὶς
1573 3676 1670 3735 καὶ
1766 3679 2035 3737 cundum
2098 3676 2333 3737 diuinas
2395 3678 2709 3755 scripturas
2777 3680 2930 3755 plas-

508 3771 614 3849 τήν
651 3800 720 3855 γε
760 3773 1050 3835 σύστασιν
1090 3774 1180 3832 ἐπὶ
1222 3775 1322 3849 τῆς
1352 3773 1670 3855 γυναικείας
1769 3785 1964 3833 matus
2007 3784 2100 3833 est
2132 3785 2190 3833 et
2233 3773 2654 3837 confictionem
2693 3774 2756 3836 in
2798 3796 2929 3835 mu-

512 3873 788 3954 δεξαμένῳ
845 3871 1109 3954 γαστρός,
1170 3874 1299 3948 ε’νῆν
1361 3870 1435 3935 οἷς
1488 3868 1635 3934 εἰκός
1657 3890 1670 3903 ·
1768 3869 1942 3930 liebri
1956 3869 2190 3948 accepit
2208 3882 2434 3945 uentre,
2454 3871 2643 3933 inerat
2660 3872 2924 3949 forsitan,

513 3972 702 4050 ἐπειδὴ
744 3970 863 4050 ἅμα
902 3975 980 4051 τῷ
1020 3970 1448 4045 διαπλασθῆναι
1482 3969 1577 4029 καὶ
1602 3965 1671 4027 τὰ
1768 3967 1911 4043 quia
1947 3986 2090 4027 mox
2115 3987 2252 4028 cum
2282 3970 2606 4045 plasmatus
2635 3980 2742 4045 est,
2773 3982 2836 4033 et
2862 3984 2931 4033 ut

450 4128 457 4133 .
515 4068 658 4131 εἶναι
689 4068 819 4132 vatis·
848 4068 977 4129 θεοῦ
1006 4067 1249 4144 εἰλήφει.
1338 4068 1402 4127 οὔ
1426 4064 1545 4142 μὴν
1569 4066 1673 4125 ‘niv
1769 4068 2062 4143 templum
2105 4065 2223 4127 Dei
2266 4078 2422 4127 esset
2461 4067 2709 4146 accepit.
2805 4089 2930 4133 non

514 4168 645 4230 θεὸν
696 4167 1073 4251 γεγεννῆσθαι
1124 4165 1371 4249 ἡγητέον
1421 4164 1557 4243 ἡμῖν
1610 4168 1674 4225 ἐκ
1773 4176 1976 4225 tamen
2049 4163 2512 4227 existimandum
2583 4167 2762 4229 nobis
2838 4182 2930 4231 est

620 4320 639 4354 r
676 4304 955 4355 animarum
989 4303 1040 4352 V
1193 4316 1220 4351 α
1256 4301 1399 4351 illum
1422 4301 1640 4351 eundem
1675 4298 1726 4347 V
1897 4310 1926 4360 5
1961 4311 2063 4347 non
2089 4293 2208 4363 (χόν
2228 4297 2340 4358 nos)
2375 4296 2485 4347 Vp
2626 4293 2659 4345 6
2691 4297 2811 4363 quia
2837 4300 2942 4349 CV

514 4386 626 4450 quis
648 4387 702 4435 P
876 4398 903 4447 7
939 4384 982 4434 is
1003 4384 1138 4433 idem
1168 4384 1314 4433 CVP
1502 4384 1533 4432 8
1567 4398 1599 4430 o
1621 4379 1905 4429 mirandum
1934 4379 2079 4429 CVP
2279 4392 2332 4443 ¹3
2367 4394 2520 4444 quam
2544 4378 2656 4443 (for
2673 4378 2809 4442 cum)
2837 4381 2942 4431 CV
