3250 5025
288 380 459 467 1.6.]
1161 400 1243 451 1N
1294 401 1399 453 ΕΡ.
1446 402 1549 453 An
1595 401 1858 454 TrruM.
2358 362 2364 369 ’
2569 404 2708 470 ‚237

418 573 589 637 sicut
612 583 845 639 autem
884 575 1257 639 errantibus
1298 577 1568 659 pietatis
1612 577 1909 661 cognitio
1947 586 2048 642 est
2093 576 2476 654 necessaria,
2510 578 2605 641 sic
2642 586 2710 641 et

286 675 417 744 illis
467 678 581 759 qui
622 678 1043 742 crediderunt
1089 680 1459 744 necessaria
1508 700 1654 743 esse
1702 682 2038 744 uideretur
2088 680 2524 746 commonitio
2572 681 2709 762 pie-

288 780 488 858 tatis;
562 783 744 863 quod
808 803 939 846 non
999 783 1195 847 aliter
1252 783 1389 848 fieri
1445 792 1672 867 potest
1721 784 1845 848 nisi
1900 804 2132 847 omnes
2187 785 2256 847 in
2301 803 2508 847 unum
2553 804 2711 847 con-

291 884 583 963 ueniant,
632 884 901 966 sintque
951 885 1037 948 ad
1096 885 1226 949 hoc
1284 887 1445 950 certi
1506 886 1700 950 electi
1762 886 1874 969 qui
1929 887 2186 968 possint
2236 908 2358 951 sua
2405 885 2708 951 doctrina

290 990 829 1053 commonitionis
876 989 1153 1073 implere
1198 991 1510 1057 officium.
1599 990 1728 1054 hoc
1768 1011 1926 1053 uero
1967 989 2242 1073 implere
2273 998 2583 1072 poterant
2614 1012 2704 1055 ex
2782 1011 2813 1079 5

290 1091 658 1173 presbyteri
679 1093 1093 1156 ordinatione
1125 1092 1236 1175 qui
1270 1094 1820 1157 conuenientibus
1845 1092 1974 1155 illis
2004 1092 2343 1174 disputare
2373 1101 2442 1156 et
2473 1092 2710 1158 docere

289 1216 406 1260 eos
451 1204 759 1279 poterant
799 1197 883 1260 de
926 1196 1029 1259 his
1066 1215 1258 1278 quae·
1286 1197 1537 1262 discere
1578 1218 1693 1262 eos
1739 1196 2268 1274 conueniebant3
2315 1196 2494 1259 unde
2533 1207 2600 1260 et
2643 1198 2709 1259 in

288 1301 622 1381 praesenti
666 1301 906 1365 horum
954 1300 1379 1364 solummodo
1426 1311 1527 1365 est
1574 1310 1998 1377 memoratuS,
2053 1321 2134 1364 eo
2186 1302 2365 1383 quod
2405 1300 2494 1364 ob
2537 1300 2710 1365 hanc

291 1403 507 1484 ipsam
544 1423 814 1467 causam
856 1402 1217 1486 plurimum
1255 1403 1563 1467 utilitatis
1602 1406 1668 1467 in
1707 1403 2043 1467 communi
2089 1405 2349 1487 possint
2389 1403 2707 1471 conferre.

289 1514 359 1569 et
404 1506 675 1588 quidem
729 1508 1001 1571 euidens
1054 1518 1156 1572 est
1205 1510 1521 1591 quoniam
1571 1517 1640 1572 et
1691 1510 1892 1572 ceteri
1942 1518 2131 1573 erant
2179 1508 2544 1586 necessarii,
2595 1511 2708 1591 qui
2747 1523 2826 1570 10

290 1609 487 1673 simul
530 1612 595 1674 in
636 1612 935 1675 ordinem
975 1611 1361 1678 clericorum
1399 1634 1591 1677 suum
1633 1614 1922 1677 officium
1965 1612 2336 1697 implerent,
2380 1634 2499 1696 per
2541 1630 2712 1695 quos

291 1714 611 1796 explicari
642 1726 951 1799 poterant
994 1717 1106 1782 illa
1147 1739 1320 1801 quae
1355 1719 1442 1783 ad
1491 1740 1915 1784 communem
1954 1720 2292 1801 pertinent
2333 1717 2706 1781 utilitatem.

292 1815 536 1881 deinde
567 1819 763 1882 iterat
794 1819 958 1883 illud
1005 1822 1185 1904 quod
1232 1821 1537 1886 dixerat:
1580 1823 1750 1887 sicut
1774 1842 1886 1906 ego
1913 1820 2243 1904 praecepio
2288 1820 2424 1898 tibi,
2458 1822 2710 1886 docens

293 1920 526 2001 quales
555 1921 847 1986 debeant
878 1922 1248 2005 presbyteri
1280 1925 1567 1988 ordinari
1595 1944 1610 1989 ε

420 2056 487 2119 si
511 2055 659 2138 quis
686 2068 902 2121 autem
930 2058 1068 2121 sine
1095 2058 1379 2125 crimine.
2745 2083 2815 2151 15

423 2177 535 2257 qui
590 2197 725 2239 non
774 2198 863 2241 ex
915 2178 1189 2241 crimine
1236 2188 1680 2261 peccatorum,
1717 2180 1838 2243 sed
1887 2199 1976 2242 ex
2025 2178 2203 2241 uitae
2250 2197 2410 2241 suae
2462 2198 2710 2261 cogno-

291 2281 495 2345 scitur
544 2280 969 2363 integritate;
1032 2284 1126 2346 ita
1176 2294 1249 2348 ut
1302 2284 1448 2367 ipsa
1496 2306 1654 2348 uera
1713 2286 1968 2349 ratione
2028 2286 2171 2347 sine
2230 2282 2504 2347 crimine
2563 2303 2709 2347 esse

292 2394 747 2466 cognoscatur,
772 2404 1006 2448 omnes
1036 2385 1591 2450 calumniatorum
1622 2387 1899 2451 insidias
1929 2406 2266 2469 superans

422 2530 622 2594 unius
650 2531 874 2595 uxoris
902 2531 1029 2598 uir.

423 2652 677 2716 dictum
738 2663 841 2717 est
874 2652 1053 2716 enim
1095 2650 1287 2714 nobis
1316 2650 1443 2715 hoc
1474 2650 1653 2714 idem
1697 2649 1894 2715 latius
1937 2651 2004 2713 in
2037 2649 2151 2714 illa
2191 2647 2474 2732 epistola
2504 2669 2706 2732 quam
2735 2668 2821 2726 20

290 2753 376 2818 ad
438 2755 867 2820 Timotheum
930 2754 1227 2838 inprimis
1301 2753 1555 2818 dudum
1634 2755 2109 2836 scripseramus
2181 2773 2386 2835 quare
2460 2753 2707 2817 dixerit

290 2855 486 2920 unius
531 2857 754 2921 uxoris
802 2857 1045 2932 uirum,
1107 2866 1177 2920 et
1225 2855 1637 2940 superfluum
1699 2855 2020 2920 existimo
2079 2857 2166 2920 ad
2217 2876 2534 2938 praesens
2585 2857 2709 2922 illa

293 2962 438 3045 ipsa
498 2963 751 3026 iterare.
842 2982 966 3026 nec
1024 2971 1251 3025 autem
1322 2961 1670 3024 euidenter
1727 2958 1814 3024 de
1873 2960 2001 3023 illis
2060 2980 2233 3044 quae
2296 2959 2710 3024 haesitantur

291 3067 766 3148 compendiose
807 3068 953 3150 quis
995 3066 1241 3149 poterit
1283 3066 1622 3148 explicare
1651 3086 1669 3143 ;
1715 3074 1785 3128 et
1812 3065 2039 3129 omnia
2083 3063 2194 3127 illa
2225 3083 2398 3145 quae
2431 3065 2520 3128 ibi
2553 3075 2709 3128 sunt

290 3171 536 3253 scripta
583 3170 711 3234 hoc
759 3171 827 3234 in
877 3171 1026 3235 loco
1080 3191 1325 3253 ponere
1374 3191 1508 3233 non
1561 3191 1704 3232 esse
1753 3191 1993 3233 censeo
2038 3168 2499 3244 necessarium,
2553 3189 2703 3233 cum
2737 3187 2815 3255 25

388 3317 418 3352 α
454 3305 653 3355 uidetur
678 3305 721 3354 C
742 3305 891 3366 (corr)
914 3322 947 3353 r
1102 3319 1130 3368 5
1163 3305 1529 3355 commonionis
1557 3305 1600 3354 C
1662 3305 2028 3354 communionis
2049 3321 2082 3352 r
2108 3302 2118 3368 Ι
2143 3305 2342 3370 impleri
2366 3305 2484 3370 (for
2501 3306 2710 3370 implere

292 3385 404 3452 [1⁰])
434 3387 503 3437 C·
528 3388 595 3437 Η
616 3385 625 3450 Ι
652 3394 845 3452 poterat
875 3387 917 3436 C
938 3387 1003 3436 H
1011 3403 1044 3436 r
1236 3385 1267 3436 6
1301 3385 1605 3437 ordinationi
1635 3387 1698 3436 Η
1886 3400 1913 3451 7
1949 3393 2143 3450 poterat
2166 3402 2197 3434 r
2413 3388 2444 3436 8
2476 3386 2572 3437 hac
2595 3387 2714 3451 (sor

288 3468 440 3532 hanc)
470 3467 539 3519 C*
555 3470 622 3518 Η
749 3484 798 3518 ιι
839 3468 1016 3518 ordine
1042 3468 1085 3519 C
1105 3467 1253 3532 (corr)
1278 3485 1311 3518 r
1443 3481 1497 3530 15
1534 3476 1609 3519 est
1635 3467 1735 3531 (ast
1753 3466 1979 3528 crimine)
2003 3467 2108 3516 add
2129 3467 2172 3516 C
2192 3464 2340 3531 (corr)
2363 3483 2396 3514 r
2547 3481 2606 3533 19
2630 3483 2703 3532 sq.

289 3549 789 3614 unius...mysterium
812 3550 896 3613 [p.
928 3566 1038 3618 239,
1066 3549 1098 3600 l.
1133 3550 1184 3612 α]
1207 3565 1287 3600 om
1307 3565 1340 3599 r
1535 3565 1561 3597 ἰ
1569 3563 1595 3612 5
1620 3548 1788 3612 censio
1817 3547 1887 3598 C*
1905 3549 1974 3597 H

291 3665 379 3714 the
399 3662 467 3714 Ο.
488 3665 549 3714 L.
566 3665 663 3714 and
689 3664 839 3728 Vulg.
899 3666 1023 3716 Tibi
1041 3667 1085 3714 is
1100 3664 1331 3730 supplied
1346 3663 1449 3728 just
1552 3665 1863 3730 importance
1885 3665 1984 3713 and
2007 3663 2208 3728 utility.’

290 3745 455 3794 below
499 3745 552 3794 in
608 3744 693 3794 the
740 3761 924 3794 comm.
970 3745 1023 3806 (l.
1082 3745 1178 3807 13),
1227 3744 1330 3793 and
1386 3743 1449 3794 its
1617 3759 1698 3795 αι.
1767 3746 1963 3794 dudum
1992 3743 2368 3809 scripseramus]
2431 3744 2542 3796 The
2575 3761 2710 3796 com-

292 3827 529 3876 omission
574 3827 627 3877 in
666 3826 752 3878 the
790 3835 895 3876 text
937 3842 1040 3876 was
1083 3826 1341 3876 doubtlcss
1386 3841 1451 3875 an
1552 3833 1779 3890 mentary
1810 3843 1878 3876 on
1909 3827 2151 3890 Timothy
2174 3842 2274 3876 was
2311 3827 2506 3876 written
2539 3835 2592 3876 at
2625 3828 2711 3878 the

292 3909 535 3978 accident.
1552 3915 1751 3972 request
1771 3906 1830 3955 of
1849 3923 1946 3957 one
1970 3908 2132 3968 Peter,
2161 3906 2266 3956 that
2292 3921 2360 3956 on
2382 3906 2530 3956 Titus
2549 3916 2601 3957 at
2624 3907 2710 3959 the

360 4006 407 4054 5.
472 4005 534 4040 ex
556 3989 830 4056 presbyten*
863 3988 1189 4051 ordinatam]
1256 3989 1339 4040 Cf.
1386 4001 1449 4038 ιι.
1554 3996 1751 4052 request
1774 3986 1831 4035 of
1843 3987 2098 4050 Cyrinu33
2131 3986 2233 4035 and
2254 4002 2394 4035 some
2417 3989 2625 4037 interval
2659 3988 2720 4038 of

292 4087 345 4138 p.
377 4083 393 4116 1
409 4069 465 4118 18
487 4085 581 4134 sq.,
610 4069 709 4117 and
734 4068 895 4132 infra,
918 4084 970 4132 p.
992 4081 1105 4132 239,
1130 4068 1163 4116 1.
1188 4086 1219 4130 4
1241 4085 1315 4134 sq.
1552 4070 1675 4120 time
1717 4069 1966 4134 probably
1997 4069 2176 4134 possed
2211 4069 2438 4118 between
2479 4070 2564 4120 the
2609 4079 2710 4120 two

364 4163 438 4200 ιο.
509 4155 559 4200 et
586 4149 801 4214 quadem]
837 4151 1010 4212 καίτερ
1033 4152 1093 4210 (1.
1119 4165 1172 4214 p.
1204 4151 1309 4214 184,
1337 4150 1369 4200 1.
1400 4164 1449 4216 9,
1556 4153 1721 4202 works
1741 4150 1800 4215 (1.
1821 4167 1872 4216 p.
1897 4152 1983 4202 lxii
2007 4149 2127 4216 sq.).
2201 4152 2304 4200 For
2321 4152 2408 4201 the
2431 4154 2712 4217 exposition

290 4233 449 4292 note).
522 4233 537 4257 ‘
552 4232 840 4296 Presbyters
872 4227 1019 4282 alone
1040 4248 1125 4282 are
1146 4232 1449 4292 mentioned,
1524 4267 1535 4277 ,
1556 4242 1609 4284 to
1635 4233 1798 4284 which
1821 4233 1921 4282 Th.
1945 4233 2096 4283 refers
2117 4249 2200 4283 see
2226 4245 2284 4282 11.
2311 4249 2362 4298 p.
2387 4245 2450 4298 99
2469 4249 2545 4299 sq.

292 4332 349 4366 as
375 4315 587 4380 holding
619 4332 685 4366 an
706 4316 849 4366 office
877 4316 937 4366 os
963 4316 1049 4367 the
1081 4324 1215 4366 most
1247 4315 1451 4380 general
1618 4330 1701 4379 23·
1768 4315 1825 4364 de
1843 4315 1945 4364 illis
1964 4329 2091 4379 quae
2110 4313 2442 4378 haesitamur]
2484 4316 2592 4379 περὶ
2614 4313 2712 4366 τῶν

290 4398 479 4447 service
501 4406 555 4448 to
578 4398 663 4447 the
687 4399 911 4457 Chutch3
936 4398 1178 4464 although
1202 4399 1287 4448 the
1308 4397 1453 4447 other
1550 4393 2030 4459 ἀμφισβητουμένων.
2068 4395 2181 4446 The
2197 4395 2534 4446 construction
2557 4398 2712 4447 haesi-

294 4480 465 4530 orders
487 4497 571 4532 are
592 4483 835 4548 certainly
847 4490 937 4533 not
960 4483 1169 4534 without
1187 4481 1315 4532 their
1337 4496 1451 4530 own
1552 4484 1660 4528 tare
1677 4479 1904 4542 aliquam
1921 4491 2024 4527 rem
2037 4491 2196 4527 seems
2210 4484 2264 4527 to
2279 4476 2344 4526 be
2361 4478 2712 4543 unexampled.
