3250 5025
501 379 630 446 334
1454 375 1842 428 APPEme
1887 377 1952 426 A.

492 551 649 612 bant
686 550 979 626 notitiam,
1028 551 1437 612 detrahebant.
1523 549 1854 612 nouissime
1899 569 2045 612 uero
2077 548 2140 610 in
2173 551 2332 612 hanc
2365 549 2662 629 dogmatis
2699 548 2922 611 excidit

500 648 833 710 nouitatem
874 669 995 726 qua
1035 648 1259 709 diceret
1301 649 1467 726 quod
1502 647 1567 708 in
1599 647 1687 708 ira
1718 659 1900 726 atque
1936 651 2132 710 furore
2171 651 2340 709 Deus
2373 650 2573 710 Adam
2605 649 2918 710 mortalem

502 764 633 806 esse
660 746 1041 824 praeceperit,
1072 757 1133 806 et
1160 757 1406 823 propter
1432 744 1559 806 eius
1588 765 1777 806 unum
1807 744 2097 806 delictum
2135 755 2404 818 cunctos,
2436 743 2616 806 etiam
2655 746 2919 806 necdum

502 854 676 904 natos
717 843 1010 918 homineS,
1054 855 1246 905 morte
1287 843 1682 906 mulctauerit.
1769 843 1856 904 sic
1896 855 2096 905 autem
2152 844 2466 920 disputans
2519 864 2640 904 non
2685 855 2922 904 ueretur

438 953 471 1014 5
502 959 617 1000 nec
650 941 1037 1002 confunditur
1072 961 1145 1004 ea
1178 941 1397 1004 sentire
1435 943 1514 1003 de
1554 945 1693 1004 Deo
1720 961 1876 1020 quae
1903 961 2019 1004 nec
2046 943 2124 1003 de
2152 940 2496 1003 hominibus
2524 961 2734 1002 sanum
2763 940 2919 1018 sapi-

500 1037 737 1098 entibus
785 1050 845 1100 et
888 1039 1150 1117 aliquam
1198 1037 1457 1100 iustitiae
1492 1059 1699 1100 curam
1735 1039 2076 1117 gerentibus
2112 1059 2399 1118 umquam
2439 1039 2570 1118 quis
2606 1038 2920 1100 aestimare

501 1134 833 1214 temptauit.
920 1138 1029 1198 sed
1058 1155 1169 1197 nec
1196 1135 1353 1197 illius
1387 1136 1630 1197 diuinae
1667 1136 1837 1198 uocis
1874 1138 2216 1199 recordatus
2245 1149 2335 1199 est
2371 1139 2536 1214 quod
2581 1142 2730 1198 ‘non
2763 1135 2921 1197 dice-

500 1244 663 1294 retur
714 1233 961 1295 ulterius
1014 1233 1128 1295 ista
1182 1233 1469 1311 parabola
1520 1233 1586 1294 in
1645 1237 1859 1296 Israel:
1929 1247 2126 1314 patres
2169 1236 2686 1296 mandueauerunt
2733 1253 2918 1295 uuam

500 1331 799 1404 acerbam,
844 1342 905 1392 et
942 1329 1197 1392 filiorum
1252 1332 1464 1393 dentes
1520 1332 1995 1409 obstupuerunt3
2064 1333 2207 1410 quia
2261 1334 2412 1393 haec
2475 1331 2622 1393 dicit
2678 1329 2921 1392 Adonai

404 1444 477 1484 ιο
504 1427 813 1502 dominus3
854 1430 1065 1490 dentes
1110 1449 1319 1490 eorum
1367 1429 1471 1507 qui
1514 1431 2031 1491 manducauerunt
2074 1451 2253 1491 uuam
2291 1432 2569 1491 acerbam
2611 1433 2921 1508 obstupes-

502 1525 731 1585 cent*.'
816 1527 1144 1587 ostendens
1176 1545 1285 1602 per
1322 1527 1475 1587 haec
1503 1527 1674 1603 quod
1701 1528 1951 1588 alterum
1980 1547 2091 1605 pro
2119 1529 2322 1602 altero,
2353 1526 2515 1588 iuxta
2544 1527 2919 1605 quorundam

502 1640 779 1695 errorem,
820 1623 988 1682 Deus
1030 1621 1279 1682 omnino
1320 1641 1447 1683 non
1490 1621 1716 1700 puniat,
1765 1624 1873 1684 sed
1917 1622 2326 1700 unusquisque
2373 1643 2482 1701 pro
2525 1621 2759 1684 delictis
2801 1620 2920 1682 suis

500 1718 840 1779 redditurus
868 1728 960 1778 est
989 1717 1301 1778 rationem.
1387 1717 1479 1778 his
1521 1737 1794 1780 consona
1823 1719 2034 1780 beatus
2078 1737 2320 1795 quoque
2359 1720 2578 1779 Paulus
2619 1716 2917 1779 adnectit:

506 1815 673 1875 Deus
699 1815 943 1896 (inquit)
971 1819 1077 1894 qui
1101 1817 1294 1876 reddet
1322 1818 1628 1895 unicuique
1649 1819 1950 1877 secundum
1979 1828 2148 1896 opera
2175 1837 2285 1877 sua
2302 1823 2365 1892 †;
2409 1827 2496 1877 et:
2539 1817 2924 1894 unusquisque

404 1926 472 1987 15
501 1920 762 1971 nostrum
802 1933 946 1974 onus
979 1933 1151 1972 suum
1184 1915 1453 1990 portabit
1466 1913 1521 1990 ‡;
1576 1925 1663 1974 et:
1713 1921 1778 1974 tu
1804 1915 1953 1990 quid
1973 1914 2193 1973 iudicas
2207 1914 2476 1990 fratrem
2503 1921 2688 1984 tuum,
2719 1919 2830 1971 aut
2853 1918 2919 1968 tu

498 2027 680 2084 quare
732 2013 954 2086 spernis
994 2011 1255 2087 fratrem
1313 2015 1515 2070 tuum?
1594 2030 1785 2070 omnes
1843 2012 1993 2071 enim
2055 2013 2410 2071 adstabimus
2469 2019 2605 2069 ante
2659 2009 2926 2068 tribunal

512 2107 784 2182 Chris-lig.
872 2109 979 2169 sed
1026 2106 1118 2168 uir
1162 2106 1446 2168 mirabilis
1488 2118 1733 2187 propter
1773 2108 1949 2168 unius
1981 2119 2297 2187 peccatum
2327 2108 2498 2168 Adae
2527 2117 2696 2167 tanto
2725 2108 2920 2167 furore

501 2214 873 2264 commotum
928 2203 1242 2266 arbitratus
1302 2215 1392 2266 est
1460 2207 1680 2279 Deum,
1735 2215 1803 2264 ut
1865 2216 1925 2265 et
1988 2204 2153 2264 illum
2217 2203 2622 2265 atrocissimae
2685 2222 2919 2281 poenae

502 2303 786 2363 subderet
831 2313 893 2362 et
934 2303 1014 2363 ad
1054 2301 1365 2362 uniuersos
1407 2320 1619 2362 omnes
1659 2311 1930 2378 posteros
1972 2301 2100 2361 eius
2143 2321 2344 2380 parem
2386 2300 2742 2361 sententiam
2787 2319 2920 2378 pro·

396 2417 477 2458 ao
502 2393 811 2476 mulgaret,
856 2397 1014 2459 inter
1066 2418 1219 2476 quos
1274 2398 1485 2476 quanti
1536 2397 1678 2459 iusti
1733 2397 1952 2458 suerint
2001 2417 2126 2459 non
2185 2397 2358 2459 facile
2420 2417 2732 2458 numerare
2785 2397 2918 2474 quis

500 2495 735 2575 poterit.
819 2516 896 2558 ex
943 2495 1163 2574 quibus
1211 2516 1350 2558 eum
1398 2495 1659 2559 maxime
1705 2495 2080 2557 considerare
2117 2505 2500 2565 conuenerat,
2537 2497 2703 2572 quod
2740 2495 2919 2556 ualde

500 2594 801 2657 uideretur
836 2594 1230 2673 incongruum
1268 2596 1408 2655 Noe
1448 2594 1754 2654 Abraham
1797 2593 1998 2654 David
2033 2597 2310 2671 Moysem
2348 2608 2408 2656 et
2443 2596 2702 2674 reliquos
2747 2595 2920 2655 innu-

500 2693 813 2755 merabiles
860 2692 1050 2753 iustos
1094 2692 1387 2753 obnoxios
1432 2710 1665 2769 poenae
1702 2691 1966 2753 redditos
2005 2695 2087 2753 ob
2125 2692 2251 2753 eius
2293 2692 2595 2767 delictum,
2639 2704 2700 2755 et
2732 2713 2920 2753 unum

500 2801 684 2867 atque
716 2809 792 2851 ex
830 2800 1005 2867 gustu
1048 2790 1271 2851 arboris
1311 2789 1709 2866 adprobatum
1723 2809 1743 2863 3
1784 2800 1844 2849 et
1886 2789 2050 2865 quod
2079 2788 2164 2849 sic
2197 2791 2350 2849 ultra
2382 2790 2633 2850 modum
2660 2790 2922 2851 iustitiae

398 2906 431 2947 2
438 2902 470 2963 5
498 2887 647 2947 iram
676 2908 847 2949 suam
876 2890 1046 2950 Deus
1075 2887 1409 2949 extenderit
1435 2886 1517 2947 ita
1552 2898 1621 2948 ut
1660 2898 1749 2949 tot
1777 2886 2064 2948 iustorum
2091 2887 2339 2948 uirtutes
2367 2898 2610 2949 cunctas
2638 2885 2916 2961 abiceret,

501 3004 724 3064 eosque
751 2998 996 3064 propter
1021 2985 1193 3046 unius
1222 2994 1537 3063 peccatum
1567 2986 1741 3046 Adae
1767 2994 1935 3045 tanto
1963 2983 2260 3062 supplicio
2289 2983 2670 3062 manciparet.

624 3100 763 3143 nam
798 3082 911 3143 etsi
938 3081 1088 3143 nihil
1113 3081 1295 3156 aliud,
1326 3082 1537 3143 saltem
1565 3081 1644 3142 de
1672 3081 1830 3142 Abel
1855 3092 2060 3142 mente
2087 3083 2464 3159 perpendens
2491 3079 2924 3143 conuenienter

500 3179 813 3241 aestimare
868 3180 1172 3253 debuerat,
1216 3177 1319 3257 qui
1374 3176 1597 3257 primus
1651 3176 1842 3238 iustus
1895 3176 2152 3239 existens
2207 3177 2434 3256 primus
2487 3188 2755 3237 mortuus
2810 3188 2916 3238 est.

503 3287 566 3338 et
608 3276 907 3354 siquidem
952 3288 1207 3339 mortem
1252 3278 1421 3336 Deus
1468 3284 1756 3335 statuerat
1802 3275 1884 3335 ad
1925 3293 2187 3351 poenam
2236 3273 2568 3348 hominum,
2608 3274 2919 3351 quomodo

399 3390 477 3449 30
504 3394 630 3436 non
665 3373 987 3453 impietatis
1020 3385 1145 3435 erat
1179 3384 1477 3434 extremae
1511 3372 1718 3433 uiuere
1745 3372 1990 3450 quidem
2020 3392 2159 3433 eum
2189 3370 2293 3449 qui
2319 3370 2431 3431 fuit
2459 3390 2639 3431 causa
2665 3370 2915 3448 peccati,

502 3472 705 3534 uiuere
760 3471 940 3533 etiam
995 3490 1135 3531 cum
1187 3469 1290 3531 illo
1346 3480 1408 3531 et
1466 3472 1662 3530 Euam
1731 3468 1993 3531 malitiae
2045 3468 2916 3547 repertricem—praetermitto

502 3580 704 3632 autem
742 3568 1053 3631 diabolum
1080 3568 1144 3628 in
1175 3566 1597 3628 inmortalitate
1631 3567 1922 3626 hactenus
1968 3564 2734 3644 perdurantem—-primum
2772 3583 2916 3625 uero

501 3669 721 3730 iustum
749 3679 1227 3747 repertoremque
1254 3664 1503 3738 uirtutis,
1533 3664 1912 3743 primumque
1941 3663 2128 3725 diuini
2155 3666 2349 3724 cultus
2376 3682 2579 3723 curam
2612 3673 2916 3740 gerentem

503 3780 643 3831 ante
699 3788 913 3829 omnes
957 3786 1183 3845 paene
1199 3764 1575 3844 peccantium
1635 3763 1817 3825 fuisse
1873 3764 2246 3841 perculsum?
2343 3762 2661 3843 oportebat
2714 3769 2916 3821 autem

396 3888 433 3947 3
438 3886 472 3949 5
504 3865 1007 3947 sapientissimum
1034 3862 1227 3923 uirum
1261 3872 1322 3924 et
1367 3863 1444 3922 de
1484 3861 1702 3921 Enoch
1735 3859 1840 3937 qui
1880 3879 2006 3920 non
2036 3869 2126 3920 est
2153 3870 2423 3919 mortuus
2467 3856 2783 3935 diligenter
2823 3876 2918 3917 ex-

500 3967 796 4045 pendere,
837 3981 963 4024 non
1009 3960 1171 4022 enim
1214 3969 1383 4020 tanta
1424 3957 1641 4019 uirtute
1681 3958 1782 4018 uel
1824 3956 2046 4035 pietate
2087 3955 2393 4034 praeditus
2439 3954 2551 4016 fuit
2597 3964 2664 4015 ut
2707 3952 2920 4015 melior

598 4136 631 4189 6
664 4135 947 4187 aestimaret
970 4134 1084 4199 (for
1102 4138 1225 4184 aest.
1248 4132 1450 4197 tempt.)
1474 4147 1511 4180 n
1705 4144 1762 4181 ro
1795 4128 2206 4180 manducauerint
2220 4144 2264 4193 g
2433 4140 2488 4191 ¹7
2530 4126 2594 4177 de
2617 4126 2733 4191 (sor
2751 4126 2918 4188 Adae)

501 4220 565 4269 bx
596 4236 675 4269 om
691 4234 735 4284 g
751 4219 899 4269 Adae
922 4218 1091 4268 Deum
1115 4216 1213 4281 (om
1236 4216 1305 4267 D.
1333 4213 1497 4279 insta)
1518 4229 1556 4263 n
1827 4229 1890 4277 34
1922 4228 2086 4279 poena
2100 4228 2144 4275 g

632 4385 662 4411 '
695 4386 875 4449 [Επεὶ.
898 4385 1033 4436 xviii.
1062 4398 1110 4446 a,
1140 4398 1187 4447 3.
1228 4385 1413 4451 Jeretn.
1442 4380 1578 4433 xxxi.
1603 4381 1705 4444 30]-
1901 4379 1938 4432 †
1971 4380 2121 4429 Rom.
2145 4378 2198 4427 ii.
2221 4377 2271 4428 6.
2429 4380 2463 4436 :t
2497 4376 2610 4427 Gal.
2642 4376 2708 4425 vi.
2735 4388 2781 4438 5.

1472 4466 1501 4525 ἕ
1536 4465 1684 4515 Rom.
1715 4461 1810 4511 xiv.
1843 4476 1914 4514 ιο.
