3250 5025
310 354 364 419 Ι.
403 354 522 440 11.]
1002 366 1088 417 1N
1136 366 1241 419 ΕΡ.
1288 366 1392 417 AD
1438 367 1907 419 TIMOTHEUM
1956 370 2000 419 1.

2646 360 2729 428 77

309 539 858 602 resurrectionem
891 539 1107 602 aderit
1137 537 1540 615 hominibuS,
1573 538 1762 621 quasi
1796 537 1909 621 qui
1941 545 2009 601 et
2041 537 2105 601 in
2140 537 2484 601 meliorem
2518 545 2731 599 trans-

311 643 462 704 ituri
503 652 660 706 sunt
691 652 985 721 statum3
1029 643 1398 707 seminatur
1428 645 1607 708 enirn
1659 642 1805 723 (ait)
1850 644 1920 707 in
1961 642 2370 725 corruptione,
2402 640 2624 724 surgit
2660 638 2731 701 in

308 744 842 828 incorruptionem
863 769 892 821 ,·
937 746 1304 809 seminatur
1332 745 1400 811 in
1435 746 1835 830 infirmitate,
1868 745 2088 829 surg-it
2114 746 2183 809 in
2217 746 2462 809 uirtute
2478 769 2508 821 ,·
2540 743 2731 807 semi-

308 858 515 911 natur
557 848 625 910 in
674 848 1090 933 ignobilitate,
1138 850 1361 933 surg-it
1402 850 1473 911 in
1507 849 1746 932 gloria.
1834 848 2244 931 euangelium
2283 869 2443 912 uero
2478 845 2733 930 gloriae

305 962 508 1015 uocat
567 952 752 1015 illam
813 952 1380 1035 praedicationem
1443 971 1617 1035 quae
1678 951 1762 1015 de
1824 949 2176 1034 euangelio
2236 958 2355 1027 est,
2419 949 2601 1034 quod
2663 958 2730 1013 et

307 1065 791 1137 consequenter
852 1056 1213 1119 ‘creditum
1275 1054 1438 1119 sibi’
1499 1074 1645 1119 esse
1708 1054 1942 1130 edixit,
2004 1065 2081 1120 ut
2153 1054 2424 1119 doceret
2497 1074 2731 1118 omnes

305 1155 614 1222 homines
657 1159 902 1223 debere
948 1168 1310 1242 expectare
1355 1157 1470 1222 illa
1516 1179 1635 1240 per
1679 1178 1830 1222 eam
1874 1156 2096 1231 fidem,
2130 1179 2301 1241 quae
2347 1158 2412 1222 in
2462 1158 2731 1223 Christo

309 1272 430 1325 est.
519 1261 804 1344 gloriam
849 1282 1010 1326 uero
1054 1261 1226 1326 beati
1267 1260 1400 1324 Dei
1439 1260 1635 1337 dixit,
1668 1268 1744 1323 ut
1791 1260 1971 1323 dicat
2002 1266 2213 1343 ‘quae
2257 1261 2345 1325 ab
2386 1260 2501 1325 illo
2540 1262 2731 1325 nobis

307 1362 649 1430 tribuitur.’
715 1364 917 1449 †iure
950 1365 1275 1429 ‘beatum’
1311 1363 1534 1427 Deum
1561 1363 1687 1426 hoc
1713 1363 1781 1425 in
1805 1362 1953 1426 loco
1978 1371 2192 1442 uocat,
2226 1385 2305 1427 eo
2336 1366 2517 1447 quod
2550 1365 2729 1428 idem

307 1471 376 1534 in
439 1480 676 1534 natura
733 1471 1220 1535 beatitudinem
1279 1468 1528 1533 habeat
1574 1478 1849 1552 propter
1898 1488 2089 1532 suam
2140 1468 2729 1544 inuertibilitatem‚

308 1574 502 1637 nobis
533 1593 691 1637 uero
714 1573 920 1657 gratis
953 1575 1018 1637 id
1059 1570 1367 1637 tribuat*
1414 1572 1580 1635 haec
1612 1591 1771 1654 ergo
1803 1571 2215 1654 praedicatio
2245 1582 2349 1637 est
2376 1574 2463 1636 de
2496 1572 2733 1637 futuris

308 1698 481 1761 quae
512 1688 871 1761 expectare
902 1697 1134 1742 omnes
1165 1678 1501 1753 docemuS,
1536 1687 2057 1759 consequentem
2107 1677 2166 1741 ei
2214 1678 2533 1741 facientes
2575 1677 2731 1741 doc-

213 1851 224 1857 ,
309 1784 596 1859 trinam;
680 1803 1156 1866 praeparamus
1213 1782 1393 1844 enirn
1454 1799 1689 1843 omnes
1750 1779 1937 1843 illam
1998 1782 2209 1844 uitam
2273 1782 2340 1845 in
2394 1783 2730 1865 praesenti

309 1887 576 1952 saeculo
622 1888 883 1964 imitari,
929 1896 1126 1971 prout
1166 1894 1394 1970 potest
1439 1894 1755 1950 cauentes
1800 1906 1841 1949 a
1887 1897 2183 1969 peccat0,
2223 1908 2303 1951 eo
2350 1888 2529 1971 quod
2578 1886 2734 1949 licet

311 1992 406 2054 eis
455 1992 876 2055 credentibus
919 2011 1038 2073 per
1077 1991 1500 2073 baptismatis
1552 1989 1838 2053 formam
1890 2002 2231 2054 consortes
2282 1991 2544 2055 illorum
2595 1990 2733 2053 fieri

307 2094 655 2160 bonorum.
744 2095 990 2159 talibus
1037 2115 1196 2159 uero
1240 2096 1629 2177 extantibus
1670 2093 2004 2175 superflua
2045 2105 2147 2159 est
2188 2094 2316 2165 illis
2354 2094 2486 2171 lex,
2525 2115 2733 2159 unum

310 2199 601 2280 quidem,
641 2199 797 2281 quia
838 2197 1032 2261 rebus
1066 2200 1225 2281 ipsis
1258 2198 1380 2262 frui
1425 2198 1536 2261 illa
1574 2208 1940 2280 expectant
1972 2199 2039 2261 in
2082 2200 2323 2284 quibus
2366 2200 2734 2263 existentes

442 2375 709 2449 εἰκότως
757 2378 828 2445 δὲ
869 2380 1246 2465 *μακάριοί
1293 2380 1492 2448 αὐτὸν
1538 2380 1826 2447 ἐνταῦθα
1870 2381 2077 2457 καλεῖ,
2116 2376 2200 2447 ὥς
2246 2377 2328 2442 ἂν
2372 2375 2575 2443 αὐτοῦ
2614 2377 2737 2461 μὲν

311 2479 390 2546 τὸ
429 2480 758 2568 μακάριον
802 2480 1067 2574 ἔχοντος
1114 2485 1182 2551 ἐν
1227 2487 1307 2570 τῇ
1355 2482 1555 2574 φύσει
1601 2481 1710 2550 διὰ
1752 2486 1869 2565 τῆς·
1917 2480 2421 2570 α’τρεπτότητος,
2463 2478 2620 2565 ἡμῖν
2666 2480 2736 2547 δὲ

310 2581 544 2673 χάριτι
587 2591 784 2652 τοῦτο
828 2593 1342 2674 περιποιοῦντος.

413 2757 440 2790 2
475 2750 642 2809 surget
666 2746 775 2795 Ην
823 2759 834 2768 ·
950 2764 978 2813 3
1013 2748 1387 2814 incorruptione
1410 2766 1442 2798 r
1467 2746 1476 2814 Ι
1505 2756 1673 2813 surget
1694 2747 1800 2797 Ην
1976 2765 2008 2809 4
2041 2749 2207 2809 surget
2228 2744 2291 2794 H
2299 2759 2332 2793 r
2356 2741 2365 2808 Ι
2392 2743 2581 2808 gloriae
2602 2759 2680 2792 om
2705 2760 2738 2791 r

313 2827 344 2878 6
378 2829 504 2879 dixit
527 2829 596 2878 Η
602 2845 635 2878 ν
903 2843 930 2894 7
967 2830 1105 2880 illam
1131 2830 1244 2894 (sor
1275 2831 1362 2880 illa
1383 2845 1474 2896 per
1496 2831 1630 2889 eam)
1653 2829 1722 2877 Η
1974 2829 2005 2877 8
2036 2827 2105 2891 gl.
2133 2835 2301 2876 autem
2318 2825 2442 2875 dixit
2466 2827 2514 2875 b.
2546 2826 2611 2875 D.
2648 2825 2693 2874 C
2705 2841 2737 2873 r

319 2923 338 2956 1
353 2923 372 2958 r
411 2926 538 2975 quae
563 2911 580 2971 (
601 2909 694 2974 jor
704 2911 798 2972 est)
824 2912 929 2960 Ην
1096 2927 1154 2962 η
1189 2928 1343 2977 quam
1365 2921 1412 2961 et
1442 2911 1558 2976 (sor
1577 2907 1725 2974 quae)
1760 2908 1829 2958 Η
1901 2923 2052 2973 quam
2077 2907 2171 2972 (om
2196 2907 2263 2972 et)
2288 2925 2321 2956 r
2345 2906 2354 2972 Ι
2382 2909 2620 2957 docemur
2648 2906 2693 2955 C
2706 2923 2737 2955 ν

339 2987 350 3056 Ι
377 2992 534 3042 doctr.
561 2991 655 3042 fac.
683 2993 751 3042 Η
1009 3009 1068 3056 ¹4
1099 2995 1310 3059 potestis
1339 2995 1383 3044 C
1407 2991 1416 3056 Ι
1443 2992 1663 3058 peccatis
1684 3007 1717 3039 ν
1960 3002 2015 3052 15
2050 3005 2139 3054 per
2164 2989 2466 3054 baptismate
2489 2989 2555 3038 Η
2578 2987 2587 3053 Ι
2616 3004 2733 3038 con-

287 3083 470 3123 .sortes
490 3089 569 3123 om
598 3075 641 3123 C
659 3074 725 3123 Η
739 3092 751 3123 :
785 3081 868 3124 txt
885 3091 919 3123 ν

311 3157 478 3215 κότως,
507 3158 657 3205 κ.τ.λ.

1108 3077 1166 3125 18
1201 3074 1358 3125 Coisl.
1391 3089 1503 3135 204,
1529 3072 1566 3122 f.
1599 3072 1690 3137 189
1712 3073 1747 3121 b
1773 3071 1881 3134 [Cr.
1904 3071 1988 3120 vii.
2018 3086 2067 3136 9,
2093 3070 2177 3120 Fr.
2208 3069 2324 3136 150]
2360 3074 2603 3135 θεόδωρος.
2672 3073 2732 3120 εἱ-

377 3318 420 3352 2.
489 3302 786 3362 seminatur,
830 3300 944 3363 &c.]
1024 3318 1044 3352 1
1092 3302 1208 3353 Cor.
1254 3318 1336 3352 xv.
1373 3314 1436 3365 43
1455 3316 1470 3360 ;

313 3383 376 3434 cf.
409 3396 471 3433 11.
502 3399 554 3448 p.
593 3399 671 3447 25,
706 3383 742 3432 l.
773 3399 854 3447 41,
885 3391 1019 3434 note.
1575 3382 1809 3446 Pelagius
1831 3382 2165 3432 understands
2186 3383 2373 3446 simply
2400 3382 2517 3434 ‘the
2540 3385 2731 3448 Gospel

380 3484 426 3527 4.
463 3467 792 3531 ‘euangelium
809 3465 1238 3530 u.gloriae’...·gl.
1263 3465 1306 3515 b.
1321 3465 1424 3514 Dei
1435 3463 1471 3526 ']
1573 3465 1740 3516 which
1768 3466 1937 3530 brings
1957 3465 2101 3530 glor-y
2124 3473 2178 3515 to
2202 3465 2317 3516 God
2337 3465 2365 3514 ε’
2403 3468 2523 3516 “eu.
2547 3466 2740 3531 gloriae

313 3545 395 3597 Cs-
437 3546 626 3596 Thdt:
683 3548 698 3572 ⁶
716 3543 1032 3609 εὖαγγέλιον’
1072 3548 1126 3596 δὲ
1177 3549 1190 3572 ‘
1210 3547 1373 3606 δόξης’
1413 3547 1472 3596 τὸ
1581 3563 1731 3612 ...per
1753 3563 1906 3612 quam
1928 3547 2232 3613 glorificatur
2255 3545 2447 3597 Deus.”

311 3629 535 3690 κήρυγμα
575 3629 823 3687 κέκληκεν,
859 3627 1026 3686 ἐπειδὴ
1062 3627 1153 3688 τὴν
1193 3629 1471 3687 μέλλουσαν
1639 3628 1688 3676 8.
1755 3643 1881 3692 quae
1971 3628 2415 3689 inuertibilitatem]
2468 3627 2617 3678 Cited
2665 3629 2737 3692 by

315 3709 458 3770 δόξαν
531 3711 899 3772 ἐπαγγέλλεται
969 3711 1070 3760 τοῖς
1145 3713 1468 3762 πιστεύουσιν.

312 3787 495 3852 Chrys.
535 3789 706 3853 places
749 3788 963 3838 another
1006 3789 1328 3854 explanation
1365 3791 1474 3840 side

311 3869 381 3934 by
401 3870 512 3920 side
539 3871 661 3919 with
693 3870 818 3920 this:
863 3872 961 3918 ἐἴη
987 3869 1051 3920 δ.’
1085 3874 1282 3933 εἴρηκεν,
1313 3868 1472 3932 δηλῶν

311 3955 388 4002 ὅτι
443 3955 558 4012 δόξα
606 3953 742 4001 ἐστὶν
788 3951 848 4002 τὸ
897 3951 1052 4004 πάθος
1107 3955 1192 4003 τοῦ
1237 3955 1476 4015 Χριστοῦ·

311 4031 346 4093 ἥ
377 4035 454 4082 καὶ
488 4036 554 4082 τὰ
586 4035 834 4088 μέλλοντα
856 4037 1131 4086 αἰνίττεται.
1208 4036 1336 4085 Like
1369 4036 1466 4087 Th.

312 4115 378 4165 he
415 4115 522 4165 also
551 4116 722 4181 brings
755 4119 842 4176 τῆς
879 4115 1015 4176 δόξης
1048 4117 1156 4166 into
1191 4117 1473 4166 connexion

1576 3713 1845 3772 Lanfranc,
1896 3712 2012 3761 who
2056 3711 2289 3760 however
2322 3708 2615 3759 substitutes
2638 3695 2735 3760 'for

1574 3796 1661 3846 the
1681 3796 1779 3846 last
1802 3795 1943 3845 word
1975 3795 2062 3844 the
2096 3793 2257 3843 easier
2296 3794 2331 3818 “
2354 3791 2733 3842 immutabilita-

1574 3886 1696 3930 tem.
1706 3877 1735 3904 ''

1640 3977 1691 4028 9.
1759 3961 1871 4010 iure
1912 3955 2167 4008 ‘beatum’
2206 3955 2600 4018 Deum...uocat]
2635 3957 2733 4009 See

1576 4041 1662 4090 the
1684 4055 1869 4090 comm.
1894 4054 1961 4090 on
1985 4055 2029 4090 c.
2057 4039 2122 4088 vi.
2160 4051 2233 4101 15,
2262 4037 2417 4102 infra.

1646 4139 1723 4173 11.
1790 4119 2199 4182 nobo...tribuat]
2240 4119 2319 4170 Cf.
2350 4119 2449 4168 Th.
2481 4136 2549 4169 on
2583 4119 2662 4172 Ps.
2698 4121 2735 4171 i.

312 4193 434 4242 with
479 4194 567 4243 τοῦ
612 4195 736 4254 θεοῦ,
778 4194 880 4244 and
927 4193 1055 4244 from
1101 4193 1201 4244 this
1245 4193 1388 4258 point
1422 4192 1482 4243 of
1581 4201 1845 4268 1(Migne‚
1868 4199 2005 4266 648).

311 4275 440 4326 view
461 4275 609 4340 again
631 4275 780 4326 offers
813 4292 845 4325 a
869 4276 1058 4326 double
1091 4275 1474 4342 interpretation

313 4357 417 4418 -ἥ
439 4355 531 4418 τήν
555 4361 787 4422 λατρείαν
818 4361 969 4420 φησὶν
1001 4359 1086 4408 τοῦ
1110 4361 1234 4420 θεοῦ,
1272 4357 1308 4420 ἢ
1336 4361 1410 4409 ὅτι
1434 4361 1478 4409 εἱ

313 4445 378 4492 τὰ
400 4443 616 4506 παρόντα
639 4443 802 4492 πάντα
835 4443 1180 4502 ἐμπέπλησται
1217 4441 1302 4502 τῆς
1341 4443 1477 4503 δόξης

1648 4281 1725 4333 16.
1790 4299 1953 4332 unum
2001 4283 2201 4347 quidem
2330 4285 2543 4333 alterum
2598 4287 2735 4349 nero]

1582 4366 1620 4390 “
1642 4365 1743 4414 For
1764 4379 1859 4414 one
1882 4363 2191 4429 thing...and
2215 4363 2402 4414 further
2422 4363 2451 4388 ’³
2477 4366 2547 4426 (ἐν
2568 4366 2655 4424 μὲν

1579 4443 1705 4498 ἄλλο
1726 4445 1815 4511 δέ).
1884 4444 1965 4496 cf.
1992 4444 2154 4509 infra,
2182 4459 2230 4508 p.
2256 4445 2335 4507 85,
2364 4445 2419 4493 ll.
2441 4443 2515 4505 16,
2549 4459 2624 4508 ¹7.

2765 1482 2843 1529 10

2761 2609 2847 2656 20

1573 3301 1733 3360 αὐτοῦ,
1790 3297 1963 3361 πολλῷ
2018 3301 2069 3350 δὲ
2119 3297 2309 3361 μᾶλλον
2352 3300 2419 3351 τὰ
2466 3300 2731 3363 μέλλοντα.
