3250 5025
661 1168 1379 1247 THEODORUS
1490 1167 2410 1245 MOPSUESTENUS

777 1402 896 1476 IN
996 1400 1648 1478 EPISTOLAM
1744 1402 1826 1476 B.
1925 1398 2270 1475 PAULI

1106 1640 1321 1733 AD
1429 1632 1964 1736 TITUM.

1157 1960 1887 2031 ARGUMENTUM.

452 2158 751 2224 BEATUS
781 2157 1124 2243 apostolus
1158 2156 1396 2223 Cretae
1426 2158 1750 2222 accedens
1781 2155 2054 2240 pietatis
2084 2156 2410 2223 rationem
2454 2157 2582 2223 illis
2622 2162 2735 2245 qui

320 2261 456 2325 illic
485 2260 883 2326 habitabant
928 2259 1223 2326 tradidit.
1312 2262 1473 2343 quia
1520 2280 1680 2324 uero
1723 2259 1812 2323 ad
1859 2259 2025 2323 alias
2057 2260 2430 2343 prouincias
2461 2266 2738 2331 transire

319 2387 472 2430 eum
522 2367 667 2451 ipsa
714 2367 982 2449 pietatis
1042 2368 1212 2430 ratio
1265 2364 1714 2448 compellebat
1773 2373 1850 2428 ut
1908 2364 2251 2428 uniuersos
2304 2386 2424 2449 per
2474 2366 2737 2435 diuersa

320 2474 467 2540 loca
533 2471 916 2536 habitantes
976 2468 1245 2553 pietatis
1305 2469 1660 2533 instrueret
1733 2467 2078 2545 rationem,
2154 2458 2430 2533 beatum
2503 2470 2733 2536 Titum

322 2579 562 2643 Cretae
610 2574 891 2658 reliquit,
938 2575 1130 2638 sicuti
1179 2585 1246 2639 et
1290 2573 1726 2646 Timotheum
1783 2572 2057 2655 Ephesi,
2112 2593 2533 2656 praeponens
2579 2596 2734 2640 eum

317 2677 444 2742 illis
495 2679 789 2743 ecclesiis
850 2699 1023 2762 quae
1084 2679 1218 2742 illic
1280 2685 1487 2743 erant.
1576 2677 1807 2740 scribit
1856 2697 2017 2759 ergo
2069 2679 2157 2741 ad
2207 2700 2379 2756 eum,
2428 2687 2502 2743 ut
2553 2700 2736 2744 com-

318 2782 642 2865 pendiose
674 2782 913 2860 dicam,
946 2782 1033 2845 de
1062 2782 1485 2845 ordinatione
1512 2780 1835 2858 facienda,
1866 2779 2197 2844 instruens
2227 2802 2380 2845 eum
2412 2784 2736 2866 quemad-

319 2886 597 2950 modum
642 2886 1000 2950 conueniat
1032 2886 1213 2968 ipsas
1244 2884 1459 2948 facere
1492 2884 1945 2948 ordinationes
1971 2901 1988 2958 ;
2032 2884 2230 2948 simul
2273 2896 2341 2950 et
2379 2887 2467 2951 de
2499 2888 2735 2951 ceteris

316 2990 627 3053 omnibus
656 2989 1005 3053 consilium
1037 2989 1096 3052 ei
1129 2991 1379 3064 tribuit,
1409 2998 1477 3053 et
1507 2988 1757 3052 docens
1787 2988 2072 3070 qualiter
2102 2991 2187 3053 de
2227 2990 2507 3074 singulis
2537 2983 2764 3074 agere‘

317 3102 625 3175 oporteat
676 3113 847 3163 eum.
936 3103 1343 3157 memoratur
1376 3113 1537 3156 uero
1570 3103 1641 3156 et
1681 3113 1910 3156 eorum
1951 3094 2063 3175 qui
2102 3115 2192 3158 ex
2237 3095 2734 3161 circumcisione

317 3206 523 3275 erant,
557 3197 747 3260 sicuti
786 3208 854 3261 et
894 3196 963 3261 in
1004 3198 1288 3280 epistola
1329 3207 1736 3260 memoratus
1777 3206 1879 3260 est
1927 3217 2129 3278 quam
2174 3198 2257 3262 ad
2301 3197 2732 3263 Timotheum

318 3299 620 3383 inprimis
650 3300 1041 3388 scripserat3
1074 3300 1505 3363 uehementer
1535 3299 1869 3362 instruens
1899 3318 2052 3363 eum
2088 3308 2162 3362 ut
2192 3319 2276 3363 ne
2307 3301 2468 3382 quid
2501 3302 2734 3384 pietati

667 3470 688 3504 1
727 3455 929 3504 Cretam
958 3455 1003 3504 C
1020 3469 1053 3504 r
1246 3469 1275 3504 α
1310 3454 1376 3504 ad
1398 3453 1510 3503 aliis
1532 3451 1805 3518 prouinciis
1827 3451 1897 3502 H
2081 3467 2112 3519 9
2145 3451 2192 3502 ei
2215 3467 2294 3503 om
2316 3469 2350 3504 r

391 3611 435 3644 1.
492 3593 695 3660 pietatis
762 3595 1007 3646 rationem
1100 3592 1334 3658 tradidit]
1390 3593 1473 3644 Cf.

314 3678 500 3727 Thdt.:
544 3679 629 3726 οὐκ
674 3674 961 3740 ᾗπειρώταις
1010 3679 1169 3736 μόνοις
1216 3678 1350 3726 ἀλλὰ
1394 3677 1477 3726 καὶ

202 3757 215 3764 ’
317 3751 571 3818 νησιώταις
594 3757 619 3806 ὁ
653 3760 698 3806 θ.
732 3759 820 3807 ἀπ.
852 3759 943 3817 τὴν
974 3759 1219 3818 σωτηρίαν
1249 3758 1473 3806 διδασκα-

316 3843 429 3890 λίαν
458 3838 805 3903 προσήνεγκεν,
836 3841 913 3889 καὶ
947 3842 1067 3902 πρὸς
1090 3842 1191 3890 τοῖς
1210 3841 1375 3892 ἅλλοις
1396 3841 1475 3889 καὶ

314 3925 407 3981 τὴν
428 3918 761 3984 Κρήτην...τῷ
782 3923 909 3982 φωτὶ
930 3925 1015 3982 τῆς
1038 3921 1327 3982 θεογνωσίας
1362 3937 1473 3971 κατ’·

316 4004 549 4064 ηύγασεν.
616 4001 736 4050 And
774 4018 832 4052 so
864 4004 1159 4067 apparently
1195 4003 1247 4053 S.
1272 4003 1474 4067 Jerome

314 4083 403 4150 (on
423 4098 469 4133 c.
493 4083 529 4132 i.
555 4083 625 4147 5).
690 4083 803 4133 The
826 4091 1055 4134 contents
1092 4083 1152 4135 of
1171 4084 1257 4134 the
1280 4084 1474 4148 Epistle

314 4181 450 4215 seem
479 4166 712 4214 however
751 4173 805 4215 to
837 4165 975 4215 shew
1010 4167 1120 4215 that
1154 4165 1243 4216 the
1282 4167 1475 4231 Gospel

314 4249 415 4299 had
460 4247 615 4298 found
647 4249 710 4298 its
744 4265 855 4313 way
890 4255 944 4299 to
976 4250 1129 4300 Crete
1160 4265 1299 4300 some
1330 4266 1473 4314 ymrs

310 4329 483 4378 before
516 4329 571 4378 S.
596 4327 763 4378 Paul’s
797 4327 937 4386 visit3
971 4343 1138 4394 comp.
1175 4329 1381 4379 Ellicott
1404 4329 1477 4378 ad

312 4411 368 4468 1.,
390 4410 508 4460 who
528 4409 679 4459 refers
700 4416 757 4459 to
778 4410 903 4459 Acts
924 4410 977 4458 ii.
1004 4425 1021 4458 1
1038 4426 1077 4460 1.

382 4509 427 4542 α.
494 4492 566 4542 ad
613 4492 741 4541 alias
774 4491 1095 4557 prouincias]
1152 4492 1331 4543 Under
1382 4491 1469 4542 the

1576 3591 1754 3641 earlier
1777 3591 2050 3655 Emperors
2073 3592 2224 3642 Crete
2237 3591 2430 3642 formed
2452 3608 2483 3641 a
2499 3592 2736 3657 province

1573 3673 1630 3722 in
1653 3672 1973 3737 conjunction
1999 3672 2118 3722 with
2154 3673 2350 3736 Cyrene
2363 3688 2377 3733 ;
2413 3673 2571 3722 under
2601 3674 2735 3724 Con-

1574 3755 1794 3805 stantine
1815 3755 1856 3804 it
1879 3755 2106 3806 received
2129 3772 2159 3804 a
2180 3756 2453 3806 consularis
2466 3755 2524 3805 os
2535 3756 2598 3806 its
2620 3773 2736 3807 own

1576 3839 1735 3898 (Dice.
1779 3838 1843 3903 qt*
1885 3839 1975 3888 Gk.
2030 3839 2142 3888 and
2183 3840 2326 3890 Rom.
2383 3839 2552 3904 Geogr.
2601 3852 2640 3889 1.
2680 3855 2734 3904 p.

1576 3919 1712 3985 704)-

1641 4023 1688 4066 4.
1761 4003 1954 4054 beatum
1979 4003 2152 4054 Titum
2173 4005 2256 4054 Cr.
2285 3989 2510 4068 ῗτῖίᾳιιὶέ]
2547 4005 2645 4056 See
2671 4017 2732 4054 11.

1572 4103 1626 4153 p.
1659 4103 1743 4137 121
1772 4103 1867 4152 sq„
1900 4087 2000 4136 and
2023 4087 2088 4138 cf.
2120 4087 2304 4138 Euseb.
2335 4087 2410 4137 H.
2435 4087 2526 4144 E.,
2551 4099 2639 4137 111.
2671 4103 2733 4151 4:

1574 4167 1802 4227 Τιμόθεὸς
1831 4184 1893 4228 ’γε
1924 4168 2021 4226 μὴν
2049 4169 2136 4227 τῆς
2169 4168 2222 4216 ἐν
2257 4166 2454 4229 Ἐφέσῳ
2486 4169 2736 4231 παροικίας

1572 4250 1836 4312 ἱστορεῖται
1857 4251 2048 4312 πρῶτος
2069 4249 2158 4309 τήν
2177 4247 2448 4311 ἐπισκοπὴν
2466 4251 2734 4312 εἰληχέναι,

1572 4333 1636 4382 ὡς
1655 4333 1737 4382 καὶ
1751 4333 1891 4382 Τῖτος
1914 4328 2012 4380 τῶν
2034 4334 2118 4380 ἐπὶ
2141 4333 2337 4393 Κρήτης
2355 4331 2641 4392 ἐκκλησιῶν.

1641 4427 1718 4462 12.
1785 4414 2093 4463 uehementer
2111 4413 2384 4472 instruens,
2413 4415 2530 4475 &cd
2575 4415 2732 4464 Thdt.

1570 4494 1729 4542 adds:
1763 4493 2000 4554 μέμνηται
2027 4494 2076 4543 δὲ
2112 4496 2190 4543 καὶ
2213 4491 2296 4554 τῆς
2321 4496 2450 4545 θείας
2472 4497 2736 4554 οἰκονομίας

2770 3118 2850 3166 10
