3250 5025
320 342 442 427 13.]
1068 358 1151 409 IN
1201 357 1305 409 ΕΡ.
1352 357 1455 407 AD
1505 356 2028 409 PHILEMONEM.
2613 350 2744 417 279

311 533 594 599 uinculis
656 533 920 598 mittas!
1017 554 1139 598 nec
1190 535 1369 599 enim
1431 534 1870 601 existimabat
1923 530 2380 598 Philemonem
2434 528 2570 594 tale
2621 527 2740 594 ali-

311 640 473 723 quid
520 640 693 701 circa
738 657 890 701 eum
940 636 1169 715 facere,
1218 639 1377 721 quia
1420 638 1859 701 existimabat
1897 636 2078 719 quod
2128 635 2416 717 recipere
2465 633 2737 696 minime

310 750 649 825 pateretur
679 740 767 803 ob
800 760 1060 804 morum
1098 750 1166 804 et
1197 740 1519 824 propositi
1562 741 1706 803 eius
1737 740 2157 823 prauitatem.
2247 746 2316 800 et
2347 734 2738 811 extendens,

314 845 632 928 quoniam
665 844 789 907 etsi
823 844 1074 907 maiora
1104 843 1329 926 aliqua
1360 866 1399 907 a
1434 844 1822 908 Philemone
1869 843 2243 927 postularet
2290 861 2424 906 non
2471 848 2739 923 oporte-

314 947 435 1011 bat
464 948 859 1031 petitionem
908 947 1049 1011 eius
1080 948 1402 1025 resistere,
1436 950 1641 1013 adicit
1668 972 1682 1013 ε

447 1128 632 1190 quem
662 1128 773 1189 ego
803 1106 1089 1171 uolebam
1117 1106 1301 1191 apud
1322 1129 1422 1171 me
1450 1106 1737 1173 retinere.

445 1254 574 1317 ‘sic
620 1254 798 1317 enirn
825 1253 1109 1343 'confido
1152 1255 1332 1337 quod
1382 1254 1545 1317 nihil
1591 1275 1682 1317 ex
1730 1252 1859 1317 illis
1906 1272 2081 1335 quae
2123 1272 2254 1335 ego
2293 1270 2455 1333 gero
2495 1257 2565 1313 te
2594 1269 2738 1312 um·

315 1376 519 1438 quam
572 1358 819 1439 poterit
864 1358 1123 1421 tristem
1166 1356 1415 1421 facere!
1504 1366 1575 1421 et
1624 1358 1782 1440 quia
1831 1357 2152 1420 audaciae
2195 1374 2340 1417 esse
2385 1352 2741 1416 uidebatur

314 1468 390 1523 ut
419 1458 710 1523 alienum
741 1480 1007 1523 seruum
1039 1459 1343 1523 absolute
1374 1460 1794 1542 promitteret
1826 1460 2126 1536 retinere,
2163 1456 2406 1521 adicit:

449 1636 529 1690 ut
539 1637 667 1710 pro
696 1634 755 1690 te
784 1626 955 1689 milti
979 1625 1390 1690 ministraret
1418 1625 1487 1689 in
1518 1624 1800 1689 uinculis
1825 1625 2165 1707 euangelii.

450 1779 530 1835 ut
556 1770 779 1854 posuit
810 1791 945 1833 non
976 1790 1247 1834 causam
1289 1771 1523 1849 dicere,
1557 1770 1674 1833 sed
1707 1778 1785 1833 ut
1815 1768 1977 1832 illud
2018 1779 2336 1834 consuete
2371 1768 2744 1852 explicaret

321 1875 504 1958 quod
579 1874 765 1957 sequi
841 1874 1197 1938 uidebatur
1220 1896 1236 1953 3
1314 1873 1459 1939 uult
1527 1875 1705 1936 enim
1779 1873 2035 1936 dicere:
2104 1873 2348 1936 ‘etiam
2425 1872 2548 1936 etsi
2615 1870 2744 1935 hoc

322 1976 644 2053 fecissem,
674 1987 865 2041 tuum
912 1987 1053 2041 erat
1083 1977 1343 2042 lucrum
1384 1986 1459 2041 ut
1498 1978 1552 2040 is
1584 1977 1747 2041 mihi
1796 1976 2241 2055 ministraret3
2290 1995 2446 2038 nam
2493 1974 2548 2037 si
2587 1985 2745 2040 tuus

324 2099 553 2142 seruus
591 2080 994 2165 ministraret
1024 2077 1209 2156 mihi,
1243 2081 1619 2143 mercedem
1654 2078 1882 2161 utique
1925 2098 2046 2161 pro
2086 2078 2204 2141 tali
2248 2078 2424 2141 facto
2465 2077 2590 2141 tibi
2628 2077 2746 2141 ad-

323 2182 649 2266 quirebat,
678 2184 800 2246 tibi
834 2184 1013 2247 lucra
1042 2182 1462 2248 conferebat?
1540 2203 1674 2247 non
1708 2192 1933 2247 autem
1966 2181 2143 2245 dixit
2157 2192 2284 2263 pro
2317 2191 2388 2259 te,
2421 2182 2558 2258 sed,
2589 2186 2745 2264 ‘pro

323 2296 443 2350 tuo
495 2285 887 2363 commod0,'
938 2286 1127 2369 quasi
1182 2288 1339 2369 quia
1403 2307 1524 2369 pro
1592 2285 1789 2350 huius
1855 2285 2221 2349 ministerio
2290 2292 2750 2368 competenter

326 2390 635 2474 apostolo
666 2391 721 2454 si
758 2391 1213 2467 ministrasset,
1254 2390 1435 2454 lucra
1480 2410 1653 2472 quae
1695 2409 1783 2453 ex
1828 2390 1955 2454 hoc
2002 2388 2522 2471 adquirebantur
2573 2386 2749 2450 illius

326 2501 564 2578 utpote
593 2492 849 2558 domini
896 2514 1040 2558 esse
1086 2493 1505 2558 uidebantur.

425 2678 453 2728 5
488 2665 720 2729 petitioni
748 2666 793 2715 C
812 2661 963 2730 (corr)

332 2830 375 2880 C
382 2828 409 2854 ⁴⁵
438 2827 447 2894 Ι
478 2831 545 2880 ab
568 2828 672 2896 (bes
678 2829 863 2896 apost.)
886 2833 993 2882 add
1014 2833 1059 2882 C

1126 2666 1177 2726 6»
1204 2677 1231 2730 7
1265 2683 1385 2732 ergo
1409 2667 1523 2734 (for
1542 2671 1658 2732 ego)
1688 2669 1734 2720 C

326 2745 423 2811 (afl
444 2747 560 2812 expl
580 2747 595 2804 )
619 2749 725 2796 add
744 2749 787 2798 C
812 2747 820 2813 Ι
850 2749 1025 2799 uolens
1049 2749 1149 2814 (ast
1169 2748 1353 2810 dicere)
1376 2750 1481 2798 add
1503 2749 1548 2799 C
1566 2751 1716 2812 (corr)

1256 2845 1313 2897 17
1349 2832 1397 2883 ei
1419 2832 1619 2897 (sarsi)
1650 2833 1695 2883 C

1597 2492 1750 2558 ideo
1790 2492 2066 2557 adiecit:
2123 2492 2193 2556 in
2236 2490 2518 2556 uinculis
2553 2510 2751 2556 ercan-

1886 2683 1946 2719 10
1977 2668 2112 2718 unde
2135 2667 2252 2731 (sor
2269 2668 2344 2728 ut)
2374 2665 2454 2717 θ’
2608 2681 2664 2716 12
2700 2671 2750 2715 et

1907 2747 1968 2800 16
2003 2748 2089 2814 qui
2114 2748 2229 2814 (fhr
2247 2747 2387 2814 quia)
2415 2747 2459 2798 C
2483 2744 2492 2812 Ι
2520 2753 2748 2812 petenter

400 3008 445 3042 ι.
532 3009 616 3044 nec
669 3011 713 3044 e.
768 2995 1313 3061 existimabat...un
1372 2995 1492 3059 δια]
1592 3013 1642 3064 p.
1675 3011 1786 3062 274,
1812 3000 1846 3049 l.
1877 3015 1920 3058 1,
1947 3005 2082 3048 note.

328 3072 550 3138 Though
572 3074 711 3124 there
738 3075 899 3138 might
922 3075 1051 3125 have
1072 3077 1203 3126 been
1228 3093 1404 3127 reason
1438 3085 1492 3126 to

328 3155 491 3206 doubt
528 3155 834 3207 Philemon’s
870 3157 1123 3208 readiness
1156 3165 1210 3208 to
1242 3159 1428 3208 extend
1462 3175 1493 3208 a

330 3237 523 3286 cordial
575 3239 813 3287 welcome
870 3245 925 3288 to
970 3255 1003 3288 a
1044 3255 1282 3304 runaway
1334 3241 1488 3301 slave,

334 3317 386 3368 S.
414 3317 539 3367 Paul
560 3319 661 3368 had
684 3335 750 3368 no
781 3319 909 3368 fears
946 3319 1023 3368 for
1056 3321 1142 3369 the
1174 3319 1351 3370 slave’s
1383 3335 1495 3384 per-

334 3401 478 3452 sonal
501 3400 675 3465 sasety.
740 3401 922 3465 Chrys.
946 3401 1117 3466 points
1147 3409 1235 3452 out
1267 3402 1377 3452 that
1410 3401 1497 3452 the

336 3483 437 3548 Ap.
483 3483 575 3532 has
609 3483 733 3532 used
776 3498 843 3532 an
887 3483 1143 3546 emphatic
1186 3483 1362 3534 word:
1412 3479 1498 3533 οὐκ

334 3568 471 3616 εἶπεν
526 3563 1021 3626 ’ἀπόδεξαι’...ἅλλὰ
1074 3564 1497 3629 ’προσλαβοῦβ

334 3647 607 3696 τουτέστιν·
642 3644 751 3707 οὐχὶ
774 3647 1061 3708 συγγνώμης
1092 3645 1238 3706 μόνον
1273 3645 1403 3696 ἀλλὰ
1430 3663 1498 3694 τι·

334 3727 427 3789 μῆς
449 3730 584 3778 ἐστὶν
604 3727 746 3788 ἄξιος.

403 3810 450 3861 6.
522 3826 665 3874 quem
709 3825 793 3875 ego
834 3810 1071 3868 uolebam,
1110 3809 1353 3873 &21:07
1396 3810 1499 3870 ἐγὼ

335 3892 607 3954 ἐβουλόμην
640 3892 759 3954 πρὸς
792 3891 1003 3950 ἐμαυτὸν
1041 3891 1285 3952 κατέχειν.
1360 3891 1502 3954 Ergo

338 3971 382 4022 is
427 3970 611 4033 clearly
651 3987 683 4020 a
726 3967 964 4035 copyist’s
1007 3985 1178 4030 erton
1232 3970 1294 4020 cf.
1337 3971 1499 4036 infra,

338 4053 375 4104 1.
417 4069 444 4118 7
486 4057 587 4115 (vv.
611 4053 710 4115 11.).
781 4053 873 4102 All
906 4053 993 4103 the
1028 4053 1179 4103 Latin
1210 4053 1502 4104 authorities

338 4151 489 4200 agree
510 4135 634 4185 with
654 4135 741 4185 the
767 4135 869 4185 Gk.
895 4141 999 4185 text
1020 4134 1073 4185 in
1096 4135 1387 4200 express->ing
1416 4135 1502 4186 the

342 4231 590 4282 pronoun.

414 4315 490 4349 xo.
547 4297 627 4359 ut]
691 4297 834 4349 Unde
854 4297 897 4347 is
928 4296 1174 4362 probably
1195 4313 1259 4346 an
1290 4313 1427 4348 error
1452 4297 1511 4347 of

340 4377 820 4442 transcription—ut
849 4379 942 4428 has
974 4379 1102 4428 been
1137 4377 1365 4442 changed
1396 4378 1503 4428 into

342 4461 435 4508 mi.
517 4461 601 4510 On
648 4464 757 4508 “ut
794 4457 1012 4523 posuit,'’
1052 4459 1145 4510 fite.
1192 4475 1275 4509 see
1320 4459 1495 4519 above,

1666 3094 1740 3130 η.
1798 3081 1914 3130 uult
1949 3096 1986 3130 e.
2029 3079 2333 3143 dicere...pr0
2369 3085 2457 3129 tuo
2492 3075 2754 3139 commodo]

1595 3163 1856 3226 Abridged
1902 3162 1971 3226 by
2015 3161 2282 3211 Lansranc.
2359 3160 2504 3210 With
2549 3161 2636 3210 the
2680 3175 2753 3209 re·

1594 3241 1740 3292 mark
1762 3243 1821 3292 of
1843 3243 1940 3291 Th.
1968 3257 2134 3307 comp.
2163 3241 2310 3292 Oce-2
2344 3243 2387 3290 el
2417 3237 2520 3303 γὰρ
2550 3243 2628 3298 σύ,
2663 3245 2754 3300 φη·

1596 3325 1694 3380 σίν,
1717 3325 1976 3386 χρεωστεῖς
2010 3324 2258 3382 διακονεῖν,
2284 3319 2418 3372 οὗτος
2452 3323 2506 3371 δὲ
2527 3322 2636 3370 ἀντὶ
2667 3322 2756 3370 σοῦ

1596 3407 1742 3454 τοῦτο
1762 3406 1906 3460 ποιεῖ,
1931 3404 2018 3453 σὸν
2040 3403 2214 3464 ὄφελος
2234 3404 2292 3452 τὸ
2312 3403 2578 3463 γινόμενον.

1670 3497 1746 3546 15.
1807 3497 1910 3531 non
1951 3488 2118 3532 autem
2165 3481 2302 3531 dim
2349 3484 2461 3545 ‘pro
2502 3477 2760 3543 te’]=otiae

1600 3565 1732 3612 εἶπεν
1759 3565 1772 3589 ⁴
1789 3563 1906 3612 ἀντὶ
1921 3561 2043 3621 coo:
2067 3561 2180 3612 ἀλλ’
2205 3565 2326 3626 ὑπὲρ
2352 3564 2457 3613 σοῦ.
2525 3563 2576 3611 Α
2598 3561 2759 3626 single

1600 3643 1792 3693 cursive
1825 3645 1969 3693 reads
2003 3644 2112 3692 ἀντὶ
2147 3641 2333 3706 (Tisch.
2361 3643 2436 3692 ad
2450 3642 2528 3706 1.).
2597 3642 2752 3692 Thdt.

1600 3731 1754 3774 treats
1789 3721 1912 3786 ὑπέρ
1946 3739 2002 3774 as
2034 3722 2320 3788 equivalent
2351 3729 2408 3773 to
2440 3724 2585 3772 aare:
2623 3723 2758 3785 ἐβου-

1600 3806 1758 3864 λήθην
1793 3806 1950 3854 ‘roim
1988 3805 2092 3853 ‹tn-1
2128 3805 2218 3854 σοῦ
2253 3805 2424 3853 τοῦτον
2459 3805 2644 3866 λαβεῖν,
2683 3803 2761 3852 ba

1600 3885 1670 3946 τῆ
1673 3905 1693 3936 ς
1715 3887 1803 3947 σῆς
1821 3905 1904 3946 μοι
1927 3887 2160 3937 διακονίας
2181 3887 2354 3948 ἐκτίσῃ
2373 3887 2432 3936 τὸ
2452 3887 2612 3948 χρέος.

1675 3967 1748 4019 16.
1826 3973 2138 4032 competenter
2165 3967 2396 4032 apostolo]
2469 3968 2566 4018 See
2600 3982 2678 4016 vv.
2704 3967 2759 4016 ll.

1600 4050 1716 4100 The
1767 4050 2068 4100 corrections
2111 4065 2246 4100 seem
2301 4057 2356 4100 to
2409 4050 2475 4100 be
2529 4049 2760 4114 required

1603 4132 1804 4198 equally
1854 4133 1924 4197 by
1965 4133 2052 4182 the
2103 4147 2356 4197 grammar
2404 4133 2507 4182 and
2556 4133 2628 4198 by
2675 4132 2762 4183 the

1602 4227 1766 4262 sense.

1677 4307 1750 4358 17.
1813 4293 2186 4358 illius]=huius
2227 4294 2281 4356 (1.
2321 4294 2414 4356 16).
2457 4294 2544 4346 Le.
2598 4295 2762 4345 Phile-

1602 4379 1784 4428 monis·

2817 956 2846 1024 5

2776 1637 2855 1685 10

2783 2193 2852 2261 15
