3250 5025
492 342 619 421 248

1154 346 1613 410 THEODORUS
1659 356 2249 409 MOPSUESTENUS

2568 344 2687 429 [11.
2719 346 2894 411 6—8

620 530 777 598 illae
828 534 1077 600 etenim
1137 516 1325 611 arius,
1388 537 1461 601 si'
1501 534 1675 601 tales
1735 536 2003 615 suerint,
2050 522 2348 621 poterint
2373 524 2598 606 -etiam
2644 538 2914 604 adoles-

492 635 793 701 centulas
842 636 1083 703 docere
1130 648 1205 704 ut
1252 649 1321 705 et
1370 640 1644 731 maritos
1695 661 1854 705 suos
1906 639 2192 725 diligant
2243 650 2313 706 et
2357 642 2620 707 sobriae
2663 644 2798 708 sint
2841 651 2913 708 et

492 732 664 801 filios
708 740 993 825 diligant
1016 758 1193 808 ‘suos
1235 743 1505 827 sintque
1548 745 1881 830 benignae
1917 753 1986 810 et
2022 745 2264 809 domus
2302 747 2604 828 proprias
2652 748 2912 830 optime

490 849 727 922 regant
747 853 816 909 et
845 846 934 911 ab
956 848 1140 912 omni
1174 846 1429 912 malitia
1449 869 1521 913 se
1551 849 1925 932 superiores
1944 850 2345 927 custodiant,
2367 851 2913 933 obtemperantes

427 945 627 1023 ssuis
688 946 985 1028 maritis;
1060 959 1138 1013 ut
1189 970 1325 1015 non
1384 972 1476 1015 ex
1537 972 1766 1015 earum
1829 952 1972 1017 uita
2031 952 2212 1016 mala
2259 961 2328 1017 et
2382 953 2728 1017 ferocitate
2781 954 2912 1018 Dei

490 1048 794 1114 doctrina
852 1051 1357 1137 blasphemetur
1418 1055 1589 1120 tales
1650 1055 1867 1122 facere
1940 1057 2288 1121 credentes
2347 1057 2494 1121 sibi.

2619 1050 2688 1120 et
2753 1057 2912 1139 quia

494 1154 671 1219 dixit
700 1156 786 1219 de
819 1154 945 1219 illis
976 1157 1089 1239 qui
1121 1178 1241 1239 per
1270 1165 1563 1222 aetatem
1607 1168 1765 1222 sunt
1805 1159 2217 1243 antiquiores
2264 1160 2406 1225 siue
2447 1157 2568 1223 uiri
2610 1160 2744 1224 sint
2773 1160 2916 1223 siue

494 1257 820 1336 muliereS,
854 1271 1265 1324 memoratus
1296 1270 1399 1325 est
1420 1271 1499 1326 et
1531 1263 1618 1325 de
1650 1261 2052 1337 mulieribuS,
2087 1261 2286 1326 simul
2319 1264 2649 1327 instruens
2679 1260 2912 1344 quales

494 1368 803 1441 oporteat
862 1381 1007 1425 esse
1067 1362 1619 1439 adolescentulaS,
1681 1385 1858 1448 quae
1932 1365 2137 1429 etiam
2213 1366 2302 1429 ab
2365 1365 2499 1445 illis
2561 1386 2736 1449 quae
2795 1386 2916 1448 per

393 1478 473 1527 10
493 1469 789 1526 aetatem
820 1472 978 1529 sunt
1008 1465 1416 1549 antiquiores
1456 1467 1692 1531 instrui
1715 1464 1988 1543 debent,
2021 1467 2302 1533 adiecit:

624 1612 884 1677 iuuenes
907 1614 1221 1679 similiter
1243 1616 1491 1681 obsecra
1518 1616 1765 1681 sobrios
1791 1638 1935 1683 esse.

624 1742 796 1806 sicut
825 1743 1003 1807 enirn
1035 1743 1121 1807 de
1152 1742 1281 1807 illis
1310 1743 1539 1808 dicens
1568 1744 1888 1810 instruxit
1917 1744 2147 1829 quales
2179 1767 2324 1811 esse
2371 1748 2911 1816 adolescentulae

494 1845 802 1912 mulieres
833 1845 1143 1923 debeant,
1173 1846 1431 1929 optime
1450 1846 1694 1912 adiecit
1714 1856 1783 1912 et
1807 1847 1894 1913 de
1923 1848 2292 1923 iuuenibus,
2315 1849 2543 1915 dicens
2565 1852 2913 1931 similiter,-

492 1949 621 2013 hoc
666 1957 783 2027 est,
818 1954 924 2013 ‘et
968 1948 1144 2012 uiros
1188 1949 1462 2014 iuuenes
1507 1949 1716 2014 edoce
1762 1960 1838 2014 ut
1882 1951 2226 2017 sobrietati
2273 1961 2343 2017 et
2383 1955 2744 2037 pudicitiae
2773 1970 2913 2025 stu-

392 2060 461 2128 15
492 2053 732 2117 deant!
778 2060 847 2116 et
876 2054 1193 2136 quoniam
1226 2062 1632 2118 memoratus
1663 2063 1767 2119 est
1796 2055 2097 2120 omnium
2129 2058 2462 2123 seniorum
2495 2068 2564 2124 et
2594 2061 2907 2127 iuuenum

490 2161 633 2224 siue
662 2160 953 2225 uirorum
986 2161 1127 2225 siue
1160 2159 1529 2238 mulierum,
1558 2170 2044 2244 consequenter
2072 2163 2360 2229 adiecit:

616 2312 717 2375 ad
756 2311 978 2376 omnia
1018 2311 1287 2396 teipsum
1320 2311 1636 2397 praebens
1686 2311 2016 2396 [somnam
2067 2313 2409 2398 bonorum]
2467 2326 2724 2399 operum
2747 2340 2777 2393 ,·
2838 2318 2912 2383 in

486 2412 779 2481 doctrina
831 2426 971 2481 tene
1016 2416 1704 2499 incorruptibilitatem,
1750 2418 2015 2482 uerbum
2061 2438 2298 2483 sanum
2342 2418 2912 2502 inrspreltensibile,

486 2525 566 2581 ut
606 2517 669 2582 is
716 2519 836 2602 qui
875 2541 955 2584 ex
996 2521 1295 2586 aduersis·
1338 2531 1434 2585 est
1476 2521 1810 2601 erubescat,
1857 2523 2035 2587 nihil
2075 2521 2317 2588 habens
2360 2524 2440 2588 de
2485 2525 2666 2590 nobis
2707 2527 2912 2592 dicere

376 2641 467 2691 20
472 2632 785 2704 prauum.

590 2825 611 2861 1
648 2811 724 2862 illi
745 2813 816 2862 H
1001 2825 1029 2875 5
1063 2811 1253 2863 meritis
1274 2811 1345 2862 H

490 2910 543 2945 11
581 2893 751 2944 inueni
772 2894 842 2943 H
1006 2908 1064 2943 12
1096 2893 1495 2944 adulescentulas
1522 2895 1567 2944 C
1582 2895 1654 2944 H

489 2974 550 3026 16
580 2975 736 3025 adicit
763 2975 808 3025 C
825 2991 859 3024 r

484 3222 651 3271 comp.
678 3205 764 3255 the
785 3203 966 3270 Vulg.=
1004 3205 1041 3231 ‘⁶
1055 3213 1111 3255 ut
1146 3205 1463 3271 prudentiam
1490 3207 1639 3257 doce-

482 3295 572 3338 ant
614 3287 769 3348 adol„
818 3293 874 3336 ut
912 3285 1051 3335 uiros
1103 3301 1221 3336 suos
1275 3293 1463 3345 ament,
1509 3286 1640 3336 filios

482 3369 712 3435 diligant,
770 3368 1042 3433 prudentes
1095 3368 1171 3430 [4-
1194 3368 1386 3418 sobrias
1439 3369 1634 3430 Fuld.],

481 3461 661 3512 castaS,
722 3452 901 3501 domus
954 3467 1125 3501 curam
1178 3451 1437 3514 habenteS,
1496 3452 1639 3509 ben„

482 3533 629 3584 subd.
656 3531 776 3583 uiris
797 3531 915 3591 suis»,
939 3541 995 3584 ut
1018 3530 1175 3593 non,’'
1194 3532 1285 3583 &c.

549 3612 597 3666 6.
667 3613 789 3664 tales
806 3614 978 3678 facere
1007 3614 1246 3662 credentes
1276 3612 1391 3675 sibi]
1451 3613 1489 3640 ‘⁸
1506 3613 1640 3663 'rhat

485 3695 572 3745 the
605 3694 835 3744 doctrine
868 3693 925 3743 of
950 3693 1067 3743 God
1100 3708 1218 3757 may
1243 3699 1333 3743 not
1366 3693 1431 3743 be
1466 3693 1642 3759 salsely

482 3779 702 3843 charged
725 3776 846 3826 with
878 3775 1089 3840 making
1122 3775 1267 3825 those
1301 3775 1417 3826 who
1446 3776 1642 3826 believe

481 3860 521 3910 it
538 3855 859 3910 evil-doers.'’

551 3958 572 3992 1
586 3958 627 3992 1.
697 3939 904 4002 obsecra]
970 3937 1123 3990 Latin
1168 3938 1409 3999 versions,
1470 3943 1503 3967 ‘⁸
1521 3938 1638 3988 hor·

479 4021 641 4083 tare,”
667 4017 1035 4072 “exhortare.”
1100 4019 1173 4070 So
1195 4019 1361 4069 below
1384 4020 1439 4068 in
1460 4035 1509 4068 v.
1541 4032 1617 4082 15.

550 4121 629 4170 13.
693 4105 857 4154 dicens
895 4109 909 4131 ⁸
926 4103 1159 4152 similiter
1170 4102 1207 4164 ‘J
1254 4101 1540 4154 “haebreos”
1571 4105 1638 4152 el-

478 4185 605 4234 τών.
673 4183 756 4234 Cf.
778 4195 842 4232 11.
873 4198 923 4248 p.
953 4196 1034 4247 91,
1057 4181 1094 4232 l.
1125 4182 1198 4232 18.

550 4279 630 4326 17.
696 4263 974 4325 adamum]
1024 4263 1178 4313 Latin
1216 4262 1454 4325 version&
1498 4265 1529 4292 ‘⁴
1548 4280 1640 4329 per

478 4345 703 4406 omnia,’'
732 4347 770 4371 ‘⁶
798 4345 851 4392 in
887 4342 1173 4394 omnibuS.''
1238 4345 1335 4394 Th.
1376 4343 1636 4405 (followed

476 4430 547 4493 by
562 4424 737 4491 Thdt.)
761 4426 880 4475 read
899 4424 1011 4488 περὶ
1032 4421 1213 4485 πάντα,
1240 4425 1342 4475 and
1360 4427 1638 4478 connected

1526 2812 1858 2864 8estomH

2596 2829 2656 2864 10
2687 2813 2841 2865 adicit
2869 2815 2915 2866 C

2471 2909 2530 2955 14
2561 2895 2831 2946 sobrietate
2850 2898 2921 2947 H

1977 2845 1982 2848 -
2035 2826 2070 2876 9
2103 2817 2302 2878 oportet
2323 2811 2393 2860 H

1811 2908 1871 2957 13
1905 2893 2122 2943 debeant
2143 2909 2223 2943 om
2245 2892 2316 2944 H

1055 2987 1113 3038 17
1148 2975 1361 3025 sormam
1382 2975 1432 3025 b.
1462 2991 1540 3025 om
1570 2976 1615 3026 C
1620 2973 1650 3000 ⁴*
1673 2975 1784 3038 [but
1800 2973 1930 3024 with
1952 2973 2159 3038 lacuna]
2180 2974 2250 3023 H
2303 2974 2587 3040 exemplum
2610 2976 2662 3027 b.
2696 2978 2741 3027 C
2759 2975 2911 3042 (corr)

489 3058 549 3108 18
582 3054 1091 3108 incorrectibilitatem
1111 3057 1181 3106 H
1196 3053 1206 3120 Ι
1235 3056 1734 3122 inreprehensibilem
1762 3057 1807 3106 C
1812 3054 1923 3107 *H

2108 3070 2169 3120 19
2199 3071 2262 3105 ex
2283 3055 2495 3106 aduerso
2518 3073 2552 3106 r

1741 3203 1827 3254 the
1879 3201 2046 3252 words
2101 3201 2225 3252 with
2284 3201 2430 3252 those
2486 3202 2654 3252 which
2715 3202 2907 3253 follow.

1743 3285 1798 3336 S.
1845 3283 2050 3348 Jerome
2093 3299 2160 3332 on
2201 3283 2289 3334 the
2343 3283 2488 3333 other
2543 3283 2682 3333 hand
2729 3283 2908 3348 j0ined

1741 3367 1879 3418 them
1919 3367 2042 3417 with
2072 3366 2369 3429 σωφρονεῖνε
2416 3365 2452 3391 “
2469 3365 2688 3416 sciamus
2721 3365 2778 3416 in
2804 3381 2907 3416 om-

1741 3451 1893 3500 nibus
1924 3449 1990 3498 ad
2025 3449 2282 3514 superiora
2315 3463 2425 3498 esse
2463 3446 2796 3508 referendum,
2841 3447 2896 3497 id

1743 3539 1834 3588 est,
1859 3531 2060 3580 hortare
2091 3537 2151 3579 ut
2172 3529 2357 3595 pudici
2386 3529 2494 3578 sint
2520 3529 2578 3578 in
2617 3527 2905 3579 omnibusff’

1741 3614 1984 3662 Formam
2021 3613 2260 3662 bonorum
2292 3611 2383 3661 has
2419 3611 2570 3675 dropt
2599 3619 2686 3660 out
2726 3611 2786 3660 ol'
2815 3626 2908 3662 our

1744 3693 1905 3742 MSS.
1965 3693 1992 3742 1
2033 3693 2163 3743 have
2197 3692 2430 3757 supplied
2459 3691 2691 3755 sormam
2735 3691 2906 3740 rather

1743 3775 1866 3826 than
1931 3776 2268 3841 “exemplum
2283 3775 2312 3798 ”
2370 3776 2474 3837 (vv.
2533 3774 2631 3839 11.),
2692 3776 2906 3824 because

1725 3857 1908 3921 forma
1929 3857 1972 3907 is
1995 3859 2082 3908 the
2102 3857 2340 3922 ordinary
2368 3857 2637 3920 rendering
2675 3856 2734 3905 os
2757 3853 2906 3906 τύπος

1741 3938 1793 3986 in
1817 3937 1919 3987 this
1940 3938 2254 3996 translation,
2286 3937 2390 3986 and
2412 3936 2455 3986 is
2477 3937 2602 3986 used
2627 3935 2705 3986 for
2727 3935 2767 3984 it
2793 3933 2902 3999 just

1739 4019 1920 4081 below,
1939 4035 2116 4086 p.249,
2140 4021 2172 4071 1.
2197 4037 2242 4072 ο.
2281 4020 2537 4081 Praebens,
2554 4015 2904 4082 παρεχόμενος.

1741 4100 1895 4165 Vulg.
1925 4099 2214 4165 “praebe.”
2291 4102 2417 4150 Tene
2437 4100 2529 4149 has
2551 4116 2620 4150 no
2647 4100 2904 4164 authority

1739 4183 1794 4232 in
1823 4183 1912 4233 the
1946 4184 2141 4241 Greek3
2187 4183 2250 4234 cs.
2289 4183 2511 4248 Thpht.:
2551 4184 2632 4231 *ἐν
2669 4179 2732 4244 τῇ
2769 4183 2897 4230 διδα-

1740 4263 2104 4325 σκαλίᾳ’...ἇπὸ
2128 4261 2283 4313 κοινοῦ
2317 4265 2375 4315 τὸ
2415 4261 2904 4326 ’παρεχόμενος.’

1740 4345 2265 4409 Ῑηεονντφτῶιῖϋαίῃη
2289 4365 2334 4386 =
2368 4344 2606 4406 ἀφθορίαν
2647 4340 2900 4406 [ἀδιαφθο-

1739 4429 1846 4490 ρίαν
1861 4428 1923 4490 ?]‚
1967 4445 2026 4480 or
2063 4428 2282 4495 perhaps
2326 4426 2606 4491 ἀφθαρσίαν
2650 4427 2898 4488 (Ronsch‚
