<?xml version="1.0" encoding="UTF-8"?>
<!DOCTYPE html PUBLIC "-//W3C//DTD XHTML 1.0 Transitional//EN"
    "http://www.w3.org/TR/xhtml1/DTD/xhtml1-transitional.dtd">
<html xmlns="http://www.w3.org/1999/xhtml" xml:lang="en" lang="en">
 <head>
  <title>
</title>
<meta http-equiv="Content-Type" content="text/html;charset=utf-8" />
  <meta name='ocr-system' content='tesseract 3.04.00' />
  <meta name='ocr-capabilities' content='ocr_page ocr_carea ocr_par ocr_line ocrx_word'/>
</head>
<body>
  <div class='ocr_page' id='page_1' title='image "./theodoriepiscop01swetgoog_0142.png"; bbox 0 0 3250 5025; ppageno 0'>
   <div class='ocr_carea' id='block_1_1' title="bbox 408 2564 495 2613">
    <p class='ocr_par' dir='ltr' id='par_1_1' title="bbox 408 2564 495 2613">
     <span class='ocr_line' id='line_1_1' title="bbox 408 2564 495 2613; baseline 0.023 -2"><span class='ocrx_word' id='word_1_1' title='bbox 408 2564 495 2613; x_wconf 88' lang='lat'>20</span> 
     </span>
    </p>
   </div>
   <div class='ocr_carea' id='block_1_2' title="bbox 535 365 657 430">
    <p class='ocr_par' dir='ltr' id='par_1_2' title="bbox 535 365 657 430">
     <span class='ocr_line' id='line_1_2' title="bbox 535 365 657 430; baseline 0.008 -18"><span class='ocrx_word' id='word_1_2' title='bbox 535 365 657 430; x_wconf 91' lang='lat'>130</span> 
     </span>
    </p>
   </div>
   <div class='ocr_carea' id='block_1_3' title="bbox 1193 365 2286 423">
    <p class='ocr_par' dir='ltr' id='par_1_3' title="bbox 1193 365 2286 423">
     <span class='ocr_line' id='line_1_3' title="bbox 1193 365 2286 423; baseline 0.003 -8"><span class='ocrx_word' id='word_1_3' title='bbox 1193 365 1651 419; x_wconf 87' lang='lat' dir='ltr'>THEODORUS</span> <span class='ocrx_word' id='word_1_4' title='bbox 1699 365 2286 423; x_wconf 85' lang='lat' dir='ltr'>MOPSUESTENUS</span> 
     </span>
    </p>
   </div>
   <div class='ocr_carea' id='block_1_4' title="bbox 2514 317 2947 436">
    <p class='ocr_par' dir='ltr' id='par_1_4' title="bbox 2514 317 2947 436">
     <span class='ocr_line' id='line_1_4' title="bbox 2514 317 2947 436; baseline 0 -20"><span class='ocrx_word' id='word_1_5' title='bbox 2514 317 2671 436; x_wconf 76' lang='grc' dir='ltr'><strong>[ΠΙ.</strong></span> <span class='ocrx_word' id='word_1_6' title='bbox 2716 371 2810 433; x_wconf 85' lang='lat'>14,</span> <span class='ocrx_word' id='word_1_7' title='bbox 2850 363 2947 433; x_wconf 79' lang='lat'>15.</span> 
     </span>
    </p>
   </div>
   <div class='ocr_carea' id='block_1_5' title="bbox 524 532 2945 830">
    <p class='ocr_par' dir='ltr' id='par_1_5' title="bbox 524 532 2945 830">
     <span class='ocr_line' id='line_1_5' title="bbox 657 532 2943 620; baseline 0.003 -24"><span class='ocrx_word' id='word_1_8' title='bbox 657 532 804 615; x_wconf 92' lang='lat' dir='ltr'>‘qui</span> <span class='ocrx_word' id='word_1_9' title='bbox 835 533 1014 598; x_wconf 88' lang='lat' dir='ltr'>enim</span> <span class='ocrx_word' id='word_1_10' title='bbox 1046 533 1519 600; x_wconf 86' lang='lat' dir='ltr'>conuenienter</span> <span class='ocrx_word' id='word_1_11' title='bbox 1548 535 1960 600; x_wconf 87' lang='lat' dir='ltr'>functionem</span> <span class='ocrx_word' id='word_1_12' title='bbox 2006 556 2197 605; x_wconf 89' lang='lat' dir='ltr'>suam</span> <span class='ocrx_word' id='word_1_13' title='bbox 2229 534 2668 620; x_wconf 84' lang='lat' dir='ltr'>impleuerint‚</span> <span class='ocrx_word' id='word_1_14' title='bbox 2700 537 2857 606; x_wconf 84' lang='lat' dir='ltr'>licet</span> <span class='ocrx_word' id='word_1_15' title='bbox 2886 537 2943 603; x_wconf 82' lang='lat' dir='ltr'>si</span> 
     </span>
     <span class='ocr_line' id='line_1_6' title="bbox 527 631 2945 724; baseline 0.001 -25"><span class='ocrx_word' id='word_1_16' title='bbox 527 631 593 699; x_wconf 89' lang='lat' dir='ltr'>in</span> <span class='ocrx_word' id='word_1_17' title='bbox 654 637 988 716; x_wconf 84' lang='lat' dir='ltr'>praesenti</span> <span class='ocrx_word' id='word_1_18' title='bbox 1049 635 1426 703; x_wconf 85' lang='lat' dir='ltr'>infirmioris</span> <span class='ocrx_word' id='word_1_19' title='bbox 1474 638 1723 722; x_wconf 84' lang='lat' dir='ltr'>gradus</span> <span class='ocrx_word' id='word_1_20' title='bbox 1768 659 1913 704; x_wconf 84' lang='lat' dir='ltr'>esse</span> <span class='ocrx_word' id='word_1_21' title='bbox 1962 638 2330 718; x_wconf 82' lang='lat' dir='ltr'>uideantur,</span> <span class='ocrx_word' id='word_1_22' title='bbox 2390 640 2507 704; x_wconf 87' lang='lat' dir='ltr'>sed</span> <span class='ocrx_word' id='word_1_23' title='bbox 2568 640 2945 724; x_wconf 82' lang='lat' dir='ltr'>prouisores</span> 
     </span>
     <span class='ocr_line' id='line_1_7' title="bbox 524 739 2944 830; baseline 0.002 -28"><span class='ocrx_word' id='word_1_24' title='bbox 524 741 650 804; x_wconf 89' lang='lat' dir='ltr'>sibi</span> <span class='ocrx_word' id='word_1_25' title='bbox 700 741 768 804; x_wconf 88' lang='lat' dir='ltr'>in</span> <span class='ocrx_word' id='word_1_26' title='bbox 821 739 1042 806; x_wconf 90' lang='lat' dir='ltr'>futuro</span> <span class='ocrx_word' id='word_1_27' title='bbox 1091 743 1329 825; x_wconf 90' lang='lat' dir='ltr'>optimi</span> <span class='ocrx_word' id='word_1_28' title='bbox 1379 743 1631 826; x_wconf 83' lang='lat' dir='ltr'>gradus</span> <span class='ocrx_word' id='word_1_29' title='bbox 1674 744 1993 830; x_wconf 85' lang='lat' dir='ltr'>existunt,</span> <span class='ocrx_word' id='word_1_30' title='bbox 2048 741 2363 808; x_wconf 82' lang='lat' dir='ltr'>fiduciam</span> <span class='ocrx_word' id='word_1_31' title='bbox 2415 743 2775 826; x_wconf 85' lang='lat' dir='ltr'><strong>plurimam</strong></span> <span class='ocrx_word' id='word_1_32' title='bbox 2825 743 2944 808; x_wconf 90' lang='lat' dir='ltr'>ad-</span> 
     </span>
    </p>
   </div>
   <div class='ocr_carea' id='block_1_6' title="bbox 523 843 1271 911">
    <p class='ocr_par' dir='ltr' id='par_1_6' title="bbox 523 843 1271 911">
     <span class='ocr_line' id='line_1_8' title="bbox 523 843 1271 911; baseline 0.007 -6"><span class='ocrx_word' id='word_1_33' title='bbox 523 843 812 907; x_wconf 80' lang='lat' dir='ltr'><strong>secuturi</strong></span> <span class='ocrx_word' id='word_1_34' title='bbox 871 866 912 907; x_wconf 90' lang='lat' dir='ltr'>a</span> <span class='ocrx_word' id='word_1_35' title='bbox 960 843 1271 911; x_wconf 63' lang='lat' dir='ltr'>Christo!</span> 
     </span>
    </p>
   </div>
   <div class='ocr_carea' id='block_1_7' title="bbox 1364 844 2942 928">
    <p class='ocr_par' dir='ltr' id='par_1_7' title="bbox 1364 844 2942 928">
     <span class='ocr_line' id='line_1_9' title="bbox 1364 844 2942 928; baseline 0.001 -20"><span class='ocrx_word' id='word_1_36' title='bbox 1364 845 1597 909; x_wconf 79' lang='lat' dir='ltr'>bonum</span> <span class='ocrx_word' id='word_1_37' title='bbox 1647 846 1944 928; x_wconf 84' lang='lat' dir='ltr'>gradum</span> <span class='ocrx_word' id='word_1_38' title='bbox 1990 865 2124 908; x_wconf 92' lang='lat' dir='ltr'>non</span> <span class='ocrx_word' id='word_1_39' title='bbox 2171 847 2239 908; x_wconf 91' lang='lat' dir='ltr'>in</span> <span class='ocrx_word' id='word_1_40' title='bbox 2285 849 2621 928; x_wconf 84' lang='lat' dir='ltr'>praesenti</span> <span class='ocrx_word' id='word_1_41' title='bbox 2668 844 2942 910; x_wconf 85' lang='lat' dir='ltr'>saeculo</span> 
     </span>
    </p>
   </div>
   <div class='ocr_carea' id='block_1_8' title="bbox 460 948 2943 1445">
    <p class='ocr_par' dir='ltr' id='par_1_8' title="bbox 460 948 2943 1445">
     <span class='ocr_line' id='line_1_10' title="bbox 460 948 2942 1032; baseline -0.001 -16"><span class='ocrx_word' id='word_1_42' title='bbox 460 953 491 1020; x_wconf 82' lang='lat'><strong>5</strong></span> <span class='ocrx_word' id='word_1_43' title='bbox 525 951 701 1014; x_wconf 92' lang='lat' dir='ltr'>dicit.</span> <span class='ocrx_word' id='word_1_44' title='bbox 784 971 905 1015; x_wconf 91' lang='lat' dir='ltr'>nec</span> <span class='ocrx_word' id='word_1_45' title='bbox 950 950 1234 1014; x_wconf 85' lang='lat' dir='ltr'>dixisset</span> <span class='ocrx_word' id='word_1_46' title='bbox 1273 949 1565 1032; x_wconf 78' lang='lat' dir='ltr'>gradum</span> <span class='ocrx_word' id='word_1_47' title='bbox 1611 949 1741 1013; x_wconf 77' lang='lat' dir='ltr'><em>sibi</em></span> <span class='ocrx_word' id='word_1_48' title='bbox 1786 949 1915 1032; x_wconf 82' lang='lat' dir='ltr'>ipsi</span> <span class='ocrx_word' id='word_1_49' title='bbox 1961 948 2191 1012; x_wconf 85' lang='lat' dir='ltr'>bonum</span> <span class='ocrx_word' id='word_1_50' title='bbox 2235 949 2827 1032; x_wconf 65' lang='lat' dir='ltr'>adquirant—nam</span> <span class='ocrx_word' id='word_1_51' title='bbox 2873 957 2942 1013; x_wconf 89' lang='lat' dir='ltr'>et</span> 
     </span>
     <span class='ocr_line' id='line_1_11' title="bbox 523 1053 2940 1138; baseline -0.002 -17"><span class='ocrx_word' id='word_1_52' title='bbox 523 1057 870 1121; x_wconf 87' lang='lat' dir='ltr'>diaconiae</span> <span class='ocrx_word' id='word_1_53' title='bbox 921 1055 1168 1138; x_wconf 86' lang='lat' dir='ltr'>gradus</span> <span class='ocrx_word' id='word_1_54' title='bbox 1218 1053 1435 1118; x_wconf 90' lang='lat' dir='ltr'>bonus</span> <span class='ocrx_word' id='word_1_55' title='bbox 1495 1053 1804 1116; x_wconf 89' lang='lat' dir='ltr'>est—sed</span> <span class='ocrx_word' id='word_1_56' title='bbox 1867 1053 2151 1116; x_wconf 87' lang='lat' dir='ltr'>dixisset</span> <span class='ocrx_word' id='word_1_57' title='bbox 2212 1055 2445 1136; x_wconf 88' lang='lat' dir='ltr'>utique</span> <span class='ocrx_word' id='word_1_58' title='bbox 2499 1054 2853 1117; x_wconf 87' lang='lat' dir='ltr'>‘maiorem</span> <span class='ocrx_word' id='word_1_59' title='bbox 2884 1073 2900 1130; x_wconf 89' lang='lat'>;</span> <span class='ocrx_word' id='word_1_60' title='bbox 2926 1053 2940 1078; x_wconf 86' lang='lat'>’</span> 
     </span>
     <span class='ocr_line' id='line_1_12' title="bbox 523 1155 2943 1238; baseline -0.002 -15"><span class='ocrx_word' id='word_1_61' title='bbox 523 1179 700 1223; x_wconf 90' lang='lat' dir='ltr'>nunc</span> <span class='ocrx_word' id='word_1_62' title='bbox 751 1168 978 1222; x_wconf 86' lang='lat' dir='ltr'>autem</span> <span class='ocrx_word' id='word_1_63' title='bbox 1031 1157 1326 1220; x_wconf 87' lang='lat' dir='ltr'>adiciens</span> <span class='ocrx_word' id='word_1_64' title='bbox 1375 1157 1624 1229; x_wconf 81' lang='lat' dir='ltr'>bonum,</span> <span class='ocrx_word' id='word_1_65' title='bbox 1677 1175 1809 1219; x_wconf 87' lang='lat' dir='ltr'>non</span> <span class='ocrx_word' id='word_1_66' title='bbox 1864 1156 2023 1238; x_wconf 87' lang='lat' dir='ltr'>quia</span> <span class='ocrx_word' id='word_1_67' title='bbox 2068 1177 2202 1220; x_wconf 91' lang='lat' dir='ltr'>non</span> <span class='ocrx_word' id='word_1_68' title='bbox 2226 1155 2465 1219; x_wconf 86' lang='lat' dir='ltr'>‘bonus</span> <span class='ocrx_word' id='word_1_69' title='bbox 2509 1155 2755 1238; x_wconf 87' lang='lat' dir='ltr'>gradus</span> <span class='ocrx_word' id='word_1_70' title='bbox 2800 1157 2943 1220; x_wconf 89' lang='lat' dir='ltr'>dia-</span> 
     </span>
     <span class='ocr_line' id='line_1_13' title="bbox 524 1256 2942 1343; baseline 0 -21"><span class='ocrx_word' id='word_1_71' title='bbox 524 1261 770 1337; x_wconf 91' lang='lat' dir='ltr'>coniae,</span> <span class='ocrx_word' id='word_1_72' title='bbox 831 1261 949 1324; x_wconf 87' lang='lat' dir='ltr'>sed</span> <span class='ocrx_word' id='word_1_73' title='bbox 1011 1259 1328 1343; x_wconf 90' lang='lat' dir='ltr'>quoniam</span> <span class='ocrx_word' id='word_1_74' title='bbox 1390 1258 1578 1322; x_wconf 87' lang='lat' dir='ltr'>illum</span> <span class='ocrx_word' id='word_1_75' title='bbox 1656 1258 1929 1340; x_wconf 87' lang='lat' dir='ltr'>quidem</span> <span class='ocrx_word' id='word_1_76' title='bbox 2004 1256 2289 1340; x_wconf 89' lang='lat' dir='ltr'>gradum</span> <span class='ocrx_word' id='word_1_77' title='bbox 2364 1257 2723 1320; x_wconf 89' lang='lat' dir='ltr'>confitetur</span> <span class='ocrx_word' id='word_1_78' title='bbox 2794 1276 2942 1322; x_wconf 83' lang='lat' dir='ltr'>esse</span> 
     </span>
     <span class='ocr_line' id='line_1_14' title="bbox 523 1349 2940 1445; baseline 0 -19"><span class='ocrx_word' id='word_1_79' title='bbox 523 1362 794 1442; x_wconf 90' lang='lat' dir='ltr'>bonum,</span> <span class='ocrx_word' id='word_1_80' title='bbox 845 1372 913 1427; x_wconf 89' lang='lat' dir='ltr'>et</span> <span class='ocrx_word' id='word_1_81' title='bbox 962 1364 1199 1426; x_wconf 91' lang='lat' dir='ltr'>iuuans</span> <span class='ocrx_word' id='word_1_82' title='bbox 1259 1383 1374 1426; x_wconf 92' lang='lat' dir='ltr'>eos</span> <span class='ocrx_word' id='word_1_83' title='bbox 1422 1349 1537 1445; x_wconf 88' lang='lat' dir='ltr'>qui</span> <span class='ocrx_word' id='word_1_84' title='bbox 1591 1381 1745 1425; x_wconf 91' lang='lat' dir='ltr'>eum</span> <span class='ocrx_word' id='word_1_85' title='bbox 1796 1362 2077 1444; x_wconf 89' lang='lat' dir='ltr'>adsequi</span> <span class='ocrx_word' id='word_1_86' title='bbox 2122 1361 2472 1428; x_wconf 82' lang='lat' dir='ltr'>noluerint.</span> <span class='ocrx_word' id='word_1_87' title='bbox 2557 1361 2737 1426; x_wconf 92' lang='lat' dir='ltr'>hunc</span> <span class='ocrx_word' id='word_1_88' title='bbox 2780 1383 2940 1426; x_wconf 91' lang='lat' dir='ltr'>uero</span> 
     </span>
    </p>
   </div>
   <div class='ocr_carea' id='block_1_9' title="bbox 421 1465 2940 1548">
    <p class='ocr_par' dir='ltr' id='par_1_9' title="bbox 421 1465 2940 1548">
     <span class='ocr_line' id='line_1_15' title="bbox 421 1465 2940 1548; baseline 0.002 -22"><span class='ocrx_word' id='word_1_89' title='bbox 421 1480 499 1527; x_wconf 91' lang='lat'>10</span> <span class='ocrx_word' id='word_1_90' title='bbox 524 1466 618 1530; x_wconf 86' lang='lat' dir='ltr'>ait</span> <span class='ocrx_word' id='word_1_91' title='bbox 663 1466 1007 1530; x_wconf 90' lang='lat' dir='ltr'>diaconiae</span> <span class='ocrx_word' id='word_1_92' title='bbox 1051 1465 1334 1548; x_wconf 87' lang='lat' dir='ltr'>gradum</span> <span class='ocrx_word' id='word_1_93' title='bbox 1380 1465 1515 1528; x_wconf 90' lang='lat' dir='ltr'>iam</span> <span class='ocrx_word' id='word_1_94' title='bbox 1565 1485 1698 1528; x_wconf 90' lang='lat' dir='ltr'>non</span> <span class='ocrx_word' id='word_1_95' title='bbox 1745 1485 1941 1548; x_wconf 88' lang='lat' dir='ltr'>posse</span> <span class='ocrx_word' id='word_1_96' title='bbox 1987 1485 2395 1548; x_wconf 90' lang='lat' dir='ltr'>quemquam</span> <span class='ocrx_word' id='word_1_97' title='bbox 2434 1466 2677 1544; x_wconf 91' lang='lat' dir='ltr'>iuuare,</span> <span class='ocrx_word' id='word_1_98' title='bbox 2709 1469 2762 1531; x_wconf 90' lang='lat' dir='ltr'>si</span> <span class='ocrx_word' id='word_1_99' title='bbox 2804 1488 2940 1531; x_wconf 90' lang='lat' dir='ltr'>non</span> 
     </span>
    </p>
   </div>
   <div class='ocr_carea' id='block_1_10' title="bbox 477 1568 2945 1960">
    <p class='ocr_par' dir='ltr' id='par_1_10' title="bbox 477 1568 2945 1960">
     <span class='ocr_line' id='line_1_16' title="bbox 523 1568 2941 1654; baseline 0.002 -21"><span class='ocrx_word' id='word_1_100' title='bbox 523 1578 592 1634; x_wconf 92' lang='lat' dir='ltr'>et</span> <span class='ocrx_word' id='word_1_101' title='bbox 644 1568 757 1634; x_wconf 90' lang='lat' dir='ltr'>illa</span> <span class='ocrx_word' id='word_1_102' title='bbox 805 1591 977 1653; x_wconf 88' lang='lat' dir='ltr'>quae</span> <span class='ocrx_word' id='word_1_103' title='bbox 1025 1570 1502 1633; x_wconf 85' lang='lat' dir='ltr'>conscientiam</span> <span class='ocrx_word' id='word_1_104' title='bbox 1555 1578 1851 1632; x_wconf 87' lang='lat' dir='ltr'>nostram</span> <span class='ocrx_word' id='word_1_105' title='bbox 1901 1579 2174 1651; x_wconf 84' lang='lat' dir='ltr'>possent</span> <span class='ocrx_word' id='word_1_106' title='bbox 2221 1571 2548 1654; x_wconf 83' lang='lat' dir='ltr'>integram</span> <span class='ocrx_word' id='word_1_107' title='bbox 2602 1592 2941 1638; x_wconf 89' lang='lat' dir='ltr'>reseruare</span> 
     </span>
     <span class='ocr_line' id='line_1_17' title="bbox 522 1670 2945 1762; baseline 0.001 -25"><span class='ocrx_word' id='word_1_108' title='bbox 522 1674 968 1744; x_wconf 85' lang='lat' dir='ltr'>concurrerint</span> <span class='ocrx_word' id='word_1_109' title='bbox 1009 1672 1218 1736; x_wconf 82' lang='lat' dir='ltr'>nobis,</span> <span class='ocrx_word' id='word_1_110' title='bbox 1311 1681 1378 1744; x_wconf 90' lang='lat' dir='ltr'>et</span> <span class='ocrx_word' id='word_1_111' title='bbox 1416 1670 1703 1735; x_wconf 90' lang='lat' dir='ltr'>adiecit:</span> <span class='ocrx_word' id='word_1_112' title='bbox 1748 1681 1813 1734; x_wconf 84' lang='lat' dir='ltr'>et</span> <span class='ocrx_word' id='word_1_113' title='bbox 1853 1671 2129 1736; x_wconf 85' lang='lat' dir='ltr'>multam</span> <span class='ocrx_word' id='word_1_114' title='bbox 2156 1672 2484 1755; x_wconf 80' lang='lat' dir='ltr'>fiduciam</span> <span class='ocrx_word' id='word_1_115' title='bbox 2517 1673 2587 1737; x_wconf 82' lang='lat' dir='ltr'>in</span> <span class='ocrx_word' id='word_1_116' title='bbox 2608 1675 2754 1760; x_wconf 82' lang='lat' dir='ltr'>fide</span> <span class='ocrx_word' id='word_1_117' title='bbox 2780 1696 2945 1762; x_wconf 82' lang='lat' dir='ltr'>quae</span> 
     </span>
     <span class='ocr_line' id='line_1_18' title="bbox 519 1775 2939 1866; baseline -0 -22"><span class='ocrx_word' id='word_1_118' title='bbox 519 1790 616 1844; x_wconf 84' lang='lat' dir='ltr'>est</span> <span class='ocrx_word' id='word_1_119' title='bbox 660 1779 730 1844; x_wconf 81' lang='lat' dir='ltr'>in</span> <span class='ocrx_word' id='word_1_120' title='bbox 785 1777 1041 1848; x_wconf 75' lang='lat' dir='ltr'>Christo</span> <span class='ocrx_word' id='word_1_121' title='bbox 1091 1777 1256 1845; x_wconf 84' lang='lat' dir='ltr'>Iesu.</span> <span class='ocrx_word' id='word_1_122' title='bbox 1349 1775 1698 1839; x_wconf 90' lang='lat' dir='ltr'>euidenter</span> <span class='ocrx_word' id='word_1_123' title='bbox 1739 1776 2034 1839; x_wconf 90' lang='lat' dir='ltr'>ostendit</span> <span class='ocrx_word' id='word_1_124' title='bbox 2087 1777 2407 1859; x_wconf 90' lang='lat' dir='ltr'>quoniam</span> <span class='ocrx_word' id='word_1_125' title='bbox 2458 1778 2545 1846; x_wconf 91' lang='lat' dir='ltr'>de</span> <span class='ocrx_word' id='word_1_126' title='bbox 2597 1777 2724 1841; x_wconf 89' lang='lat' dir='ltr'>illis</span> <span class='ocrx_word' id='word_1_127' title='bbox 2766 1800 2939 1866; x_wconf 91' lang='lat' dir='ltr'>quae</span> 
     </span>
     <span class='ocr_line' id='line_1_19' title="bbox 477 1877 2938 1960; baseline -0 -15"><span class='ocrx_word' id='word_1_128' title='bbox 477 1891 481 1894; x_wconf 81' lang='grc'><strong>’</strong></span> <span class='ocrx_word' id='word_1_129' title='bbox 521 1888 683 1945; x_wconf 89' lang='lat' dir='ltr'>tunc</span> <span class='ocrx_word' id='word_1_130' title='bbox 714 1889 906 1944; x_wconf 90' lang='lat' dir='ltr'>erunt</span> <span class='ocrx_word' id='word_1_131' title='bbox 935 1880 1114 1956; x_wconf 89' lang='lat' dir='ltr'>dicit,</span> <span class='ocrx_word' id='word_1_132' title='bbox 1149 1878 1294 1943; x_wconf 88' lang='lat' dir='ltr'>uult</span> <span class='ocrx_word' id='word_1_133' title='bbox 1335 1881 1513 1943; x_wconf 90' lang='lat' dir='ltr'>enim</span> <span class='ocrx_word' id='word_1_134' title='bbox 1551 1899 1666 1942; x_wconf 90' lang='lat' dir='ltr'>eos</span> <span class='ocrx_word' id='word_1_135' title='bbox 1698 1877 1937 1941; x_wconf 90' lang='lat' dir='ltr'>docere</span> <span class='ocrx_word' id='word_1_136' title='bbox 1979 1879 2137 1960; x_wconf 91' lang='lat' dir='ltr'>quia</span> <span class='ocrx_word' id='word_1_137' title='bbox 2173 1878 2429 1942; x_wconf 90' lang='lat' dir='ltr'>nullum</span> <span class='ocrx_word' id='word_1_138' title='bbox 2463 1880 2938 1946; x_wconf 89' lang='lat' dir='ltr'>detrimentum</span> 
     </span>
    </p>
   </div>
   <div class='ocr_carea' id='block_1_11' title="bbox 420 1979 2942 2066">
    <p class='ocr_par' dir='ltr' id='par_1_11' title="bbox 420 1979 2942 2066">
     <span class='ocr_line' id='line_1_20' title="bbox 420 1979 2942 2066; baseline 0.002 -26"><span class='ocrx_word' id='word_1_139' title='bbox 420 1990 490 2057; x_wconf 87' lang='lat'>15</span> <span class='ocrx_word' id='word_1_140' title='bbox 523 1981 781 2046; x_wconf 85' lang='lat' dir='ltr'>adferre</span> <span class='ocrx_word' id='word_1_141' title='bbox 853 1982 1098 2066; x_wconf 89' lang='lat' dir='ltr'>poterit</span> <span class='ocrx_word' id='word_1_142' title='bbox 1167 1979 1488 2044; x_wconf 89' lang='lat' dir='ltr'>infirmior</span> <span class='ocrx_word' id='word_1_143' title='bbox 1544 1980 1793 2063; x_wconf 86' lang='lat' dir='ltr'>gradus</span> <span class='ocrx_word' id='word_1_144' title='bbox 1854 1979 1981 2042; x_wconf 90' lang='lat' dir='ltr'>illis</span> <span class='ocrx_word' id='word_1_145' title='bbox 2056 1979 2170 2062; x_wconf 93' lang='lat' dir='ltr'>qui</span> <span class='ocrx_word' id='word_1_146' title='bbox 2248 1980 2434 2064; x_wconf 86' lang='lat' dir='ltr'>digni</span> <span class='ocrx_word' id='word_1_147' title='bbox 2511 1982 2942 2046; x_wconf 87' lang='lat' dir='ltr'>inueniuntur</span> 
     </span>
    </p>
   </div>
   <div class='ocr_carea' id='block_1_12' title="bbox 521 2084 2941 2373">
    <p class='ocr_par' dir='ltr' id='par_1_12' title="bbox 521 2084 2941 2373">
     <span class='ocr_line' id='line_1_21' title="bbox 521 2084 2938 2174; baseline -0.002 -20"><span class='ocrx_word' id='word_1_148' title='bbox 521 2109 769 2174; x_wconf 84' lang='lat' dir='ltr'>magna</span> <span class='ocrx_word' id='word_1_149' title='bbox 821 2097 890 2152; x_wconf 87' lang='lat' dir='ltr'>et</span> <span class='ocrx_word' id='word_1_150' title='bbox 947 2085 1242 2170; x_wconf 84' lang='lat' dir='ltr'>perfecta</span> <span class='ocrx_word' id='word_1_151' title='bbox 1302 2085 1579 2168; x_wconf 86' lang='lat' dir='ltr'>adsequi</span> <span class='ocrx_word' id='word_1_152' title='bbox 1633 2084 1829 2160; x_wconf 90' lang='lat' dir='ltr'>bona,</span> <span class='ocrx_word' id='word_1_153' title='bbox 1891 2084 1947 2148; x_wconf 91' lang='lat' dir='ltr'>si</span> <span class='ocrx_word' id='word_1_154' title='bbox 1988 2093 2213 2150; x_wconf 88' lang='lat' dir='ltr'>tamen</span> <span class='ocrx_word' id='word_1_155' title='bbox 2261 2085 2663 2150; x_wconf 87' lang='lat' dir='ltr'>conscientia</span> <span class='ocrx_word' id='word_1_156' title='bbox 2707 2105 2938 2150; x_wconf 89' lang='lat' dir='ltr'>eorum</span> 
     </span>
     <span class='ocr_line' id='line_1_22' title="bbox 521 2187 2939 2277; baseline 0 -20"><span class='ocrx_word' id='word_1_157' title='bbox 521 2201 720 2277; x_wconf 88' lang='lat' dir='ltr'>prout</span> <span class='ocrx_word' id='word_1_158' title='bbox 750 2191 1064 2255; x_wconf 90' lang='lat' dir='ltr'>conuenit</span> <span class='ocrx_word' id='word_1_159' title='bbox 1095 2190 1374 2254; x_wconf 86' lang='lat' dir='ltr'>inlibata</span> <span class='ocrx_word' id='word_1_160' title='bbox 1405 2190 1491 2253; x_wconf 90' lang='lat' dir='ltr'>ab</span> <span class='ocrx_word' id='word_1_161' title='bbox 1523 2188 1651 2252; x_wconf 90' lang='lat' dir='ltr'>illis</span> <span class='ocrx_word' id='word_1_162' title='bbox 1682 2189 1843 2271; x_wconf 92' lang='lat' dir='ltr'>ipsis</span> <span class='ocrx_word' id='word_1_163' title='bbox 1885 2187 2081 2252; x_wconf 86' lang='lat' dir='ltr'>fuerit</span> <span class='ocrx_word' id='word_1_164' title='bbox 2112 2189 2460 2254; x_wconf 89' lang='lat' dir='ltr'>custodita.</span> <span class='ocrx_word' id='word_1_165' title='bbox 2552 2213 2939 2274; x_wconf 88' lang='lat' dir='ltr'>percurrens</span> 
     </span>
     <span class='ocr_line' id='line_1_23' title="bbox 521 2289 2941 2373; baseline -0 -13"><span class='ocrx_word' id='word_1_166' title='bbox 521 2315 678 2360; x_wconf 90' lang='lat' dir='ltr'>uero</span> <span class='ocrx_word' id='word_1_167' title='bbox 721 2291 852 2360; x_wconf 89' lang='lat' dir='ltr'>hoc</span> <span class='ocrx_word' id='word_1_168' title='bbox 896 2294 1100 2357; x_wconf 89' lang='lat' dir='ltr'>modo</span> <span class='ocrx_word' id='word_1_169' title='bbox 1142 2292 1347 2359; x_wconf 83' lang='lat' dir='ltr'>etiam</span> <span class='ocrx_word' id='word_1_170' title='bbox 1393 2290 1544 2356; x_wconf 87' lang='lat' dir='ltr'>illos</span> <span class='ocrx_word' id='word_1_171' title='bbox 1595 2289 1865 2356; x_wconf 86' lang='lat' dir='ltr'>ordines</span> <span class='ocrx_word' id='word_1_172' title='bbox 1918 2289 2037 2373; x_wconf 91' lang='lat' dir='ltr'>qui</span> <span class='ocrx_word' id='word_1_173' title='bbox 2094 2291 2165 2356; x_wconf 85' lang='lat' dir='ltr'>in</span> <span class='ocrx_word' id='word_1_174' title='bbox 2206 2290 2559 2358; x_wconf 70' lang='lat' dir='ltr'>functione</span> <span class='ocrx_word' id='word_1_175' title='bbox 2604 2293 2941 2361; x_wconf 85' lang='lat' dir='ltr'>habentur</span> 
     </span>
    </p>
   </div>
   <div class='ocr_carea' id='block_1_13' title="bbox 521 2395 1261 2476">
    <p class='ocr_par' dir='ltr' id='par_1_13' title="bbox 521 2395 1261 2476">
     <span class='ocr_line' id='line_1_24' title="bbox 521 2395 1261 2476; baseline 0.001 -15"><span class='ocrx_word' id='word_1_176' title='bbox 521 2397 986 2476; x_wconf 82' lang='lat' dir='ltr'>ecclesiastica,</span> <span class='ocrx_word' id='word_1_177' title='bbox 1016 2395 1261 2464; x_wconf 87' lang='lat' dir='ltr'>adicit:</span> 
     </span>
    </p>
   </div>
   <div class='ocr_carea' id='block_1_14' title="bbox 515 2546 2945 2838">
    <p class='ocr_par' dir='ltr' id='par_1_14' title="bbox 515 2546 2945 2838">
     <span class='ocr_line' id='line_1_25' title="bbox 647 2546 2942 2629; baseline 0 -16"><span class='ocrx_word' id='word_1_178' title='bbox 647 2549 800 2613; x_wconf 76' lang='lat' dir='ltr'>haec</span> <span class='ocrx_word' id='word_1_179' title='bbox 825 2547 952 2613; x_wconf 76' lang='lat' dir='ltr'><em>tibi</em></span> <span class='ocrx_word' id='word_1_180' title='bbox 973 2547 1193 2625; x_wconf 69' lang='lat' dir='ltr'>scriba,</span> <span class='ocrx_word' id='word_1_181' title='bbox 1222 2558 1489 2629; x_wconf 81' lang='lat' dir='ltr'>sperans</span> <span class='ocrx_word' id='word_1_182' title='bbox 1527 2547 1750 2611; x_wconf 81' lang='lat' dir='ltr'>uenire</span> <span class='ocrx_word' id='word_1_183' title='bbox 1775 2546 1874 2610; x_wconf 84' lang='lat' dir='ltr'>ad</span> <span class='ocrx_word' id='word_1_184' title='bbox 1894 2556 1961 2610; x_wconf 80' lang='lat' dir='ltr'>te</span> <span class='ocrx_word' id='word_1_185' title='bbox 1978 2546 2101 2611; x_wconf 71' lang='lat' dir='ltr'>cito</span> <span class='ocrx_word' id='word_1_186' title='bbox 2116 2570 2147 2623; x_wconf 84' lang='lat'>,·</span> <span class='ocrx_word' id='word_1_187' title='bbox 2196 2547 2263 2611; x_wconf 79' lang='lat' dir='ltr'>si</span> <span class='ocrx_word' id='word_1_188' title='bbox 2287 2557 2506 2612; x_wconf 78' lang='lat' dir='ltr'><em>autem</em></span> <span class='ocrx_word' id='word_1_189' title='bbox 2532 2548 2813 2613; x_wconf 72' lang='lat' dir='ltr'>euenerit‘</span> <span class='ocrx_word' id='word_1_190' title='bbox 2841 2570 2942 2613; x_wconf 80' lang='lat' dir='ltr'>me</span> 
     </span>
     <span class='ocr_line' id='line_1_26' title="bbox 518 2649 2945 2732; baseline 0 -18"><span class='ocrx_word' id='word_1_191' title='bbox 518 2651 869 2726; x_wconf 81' lang='lat' dir='ltr'>retardare,</span> <span class='ocrx_word' id='word_1_192' title='bbox 925 2659 1002 2713; x_wconf 84' lang='lat' dir='ltr'>ut</span> <span class='ocrx_word' id='word_1_193' title='bbox 1054 2650 1225 2713; x_wconf 84' lang='lat' dir='ltr'><em>scias</em></span> <span class='ocrx_word' id='word_1_194' title='bbox 1271 2649 1811 2732; x_wconf 83' lang='lat' dir='ltr'>quemadmodum</span> <span class='ocrx_word' id='word_1_195' title='bbox 1857 2650 2195 2713; x_wconf 77' lang='lat' dir='ltr'>conueniat</span> <span class='ocrx_word' id='word_1_196' title='bbox 2241 2660 2303 2713; x_wconf 86' lang='lat' dir='ltr'>te</span> <span class='ocrx_word' id='word_1_197' title='bbox 2357 2651 2428 2713; x_wconf 83' lang='lat' dir='ltr'>in</span> <span class='ocrx_word' id='word_1_198' title='bbox 2484 2650 2749 2715; x_wconf 83' lang='lat' dir='ltr'>domum</span> <span class='ocrx_word' id='word_1_199' title='bbox 2807 2652 2945 2715; x_wconf 80' lang='lat' dir='ltr'>Dei</span> 
     </span>
     <span class='ocr_line' id='line_1_27' title="bbox 515 2752 2937 2838; baseline 0 -19"><span class='ocrx_word' id='word_1_200' title='bbox 515 2756 900 2833; x_wconf 63' lang='lat' dir='ltr'>conuersari,</span> <span class='ocrx_word' id='word_1_201' title='bbox 947 2775 1114 2837; x_wconf 83' lang='lat' dir='ltr'>quae</span> <span class='ocrx_word' id='word_1_202' title='bbox 1159 2763 1256 2817; x_wconf 80' lang='lat' dir='ltr'>est</span> <span class='ocrx_word' id='word_1_203' title='bbox 1300 2753 1554 2817; x_wconf 81' lang='lat' dir='ltr'>ecclesia</span> <span class='ocrx_word' id='word_1_204' title='bbox 1603 2752 1739 2816; x_wconf 78' lang='lat' dir='ltr'>Dei</span> <span class='ocrx_word' id='word_1_205' title='bbox 1790 2752 1953 2830; x_wconf 81' lang='lat' dir='ltr'>uiui,</span> <span class='ocrx_word' id='word_1_206' title='bbox 2001 2753 2296 2817; x_wconf 86' lang='lat' dir='ltr'>columna</span> <span class='ocrx_word' id='word_1_207' title='bbox 2340 2764 2404 2817; x_wconf 85' lang='lat' dir='ltr'>et</span> <span class='ocrx_word' id='word_1_208' title='bbox 2433 2754 2937 2838; x_wconf 83' lang='lat' dir='ltr'>firmamentum</span> 
     </span>
    </p>
   </div>
   <div class='ocr_carea' id='block_1_15' title="bbox 519 2858 839 2923">
    <p class='ocr_par' dir='ltr' id='par_1_15' title="bbox 519 2858 839 2923">
     <span class='ocr_line' id='line_1_28' title="bbox 519 2858 839 2923; baseline 0.006 -2"><span class='ocrx_word' id='word_1_209' title='bbox 519 2858 662 2921; x_wconf 83' lang='lat' dir='ltr'>ueri</span> <span class='ocrx_word' id='word_1_210' title='bbox 662 2858 839 2923; x_wconf 83' lang='lat' dir='ltr'>tatis.</span> 
     </span>
    </p>
   </div>
   <div class='ocr_carea' id='block_1_16' title="bbox 618 3012 1054 3078">
    <p class='ocr_par' dir='ltr' id='par_1_16' title="bbox 618 3012 1054 3078">
     <span class='ocr_line' id='line_1_29' title="bbox 618 3012 1054 3078; baseline -0.007 -13"><span class='ocrx_word' id='word_1_211' title='bbox 618 3030 646 3065; x_wconf 64' lang='grc' dir='ltr'>α</span> <span class='ocrx_word' id='word_1_212' title='bbox 681 3012 1054 3078; x_wconf 77' lang='lat' dir='ltr'>si(forsed)r</span> 
     </span>
    </p>
   </div>
   <div class='ocr_carea' id='block_1_17' title="bbox 525 3174 2596 3241">
    <p class='ocr_par' dir='ltr' id='par_1_17' title="bbox 525 3174 2596 3241">
     <span class='ocr_line' id='line_1_30' title="bbox 525 3174 2596 3241; baseline -0 -16"><span class='ocrx_word' id='word_1_213' title='bbox 525 3191 581 3225; x_wconf 70' lang='grc' dir='ltr'>ια</span> <span class='ocrx_word' id='word_1_214' title='bbox 617 3176 983 3241; x_wconf 86' lang='lat' dir='ltr'>concumpserit</span> <span class='ocrx_word' id='word_1_215' title='bbox 1009 3176 1053 3225; x_wconf 91' lang='lat' dir='ltr'><em>C</em></span> <span class='ocrx_word' id='word_1_216' title='bbox 1065 3174 1094 3199; x_wconf 72' lang='lat'>⁴*</span> <span class='ocrx_word' id='word_1_217' title='bbox 1140 3176 1408 3225; x_wconf 89' lang='lat' dir='ltr'>contulerit</span> <span class='ocrx_word' id='word_1_218' title='bbox 1437 3176 1483 3225; x_wconf 87' lang='lat' dir='ltr'><em>C</em></span> <span class='ocrx_word' id='word_1_219' title='bbox 1503 3174 1649 3239; x_wconf 83' lang='lat' dir='ltr'>(corr)</span> <span class='ocrx_word' id='word_1_220' title='bbox 1719 3174 2069 3239; x_wconf 85' lang='lat' dir='ltr'>concupserint</span> <span class='ocrx_word' id='word_1_221' title='bbox 2096 3174 2157 3223; x_wconf 81' lang='lat' dir='ltr'><em>H</em></span> <span class='ocrx_word' id='word_1_222' title='bbox 2202 3176 2539 3226; x_wconf 84' lang='lat' dir='ltr'>consenserint</span> <span class='ocrx_word' id='word_1_223' title='bbox 2562 3192 2596 3224; x_wconf 91' lang='lat' dir='ltr'>r</span> 
     </span>
    </p>
   </div>
   <div class='ocr_carea' id='block_1_18' title="bbox 518 3256 1060 3323">
    <p class='ocr_par' dir='ltr' id='par_1_18' title="bbox 518 3256 1060 3323">
     <span class='ocr_line' id='line_1_31' title="bbox 518 3256 1060 3323; baseline -0.002 -15"><span class='ocrx_word' id='word_1_224' title='bbox 518 3258 718 3308; x_wconf 85' lang='lat' dir='ltr'>ordines</span> <span class='ocrx_word' id='word_1_225' title='bbox 739 3258 826 3323; x_wconf 86' lang='lat' dir='ltr'>qui</span> <span class='ocrx_word' id='word_1_226' title='bbox 846 3256 1002 3307; x_wconf 69' lang='lat' dir='ltr'>sanct.</span> <span class='ocrx_word' id='word_1_227' title='bbox 1026 3274 1060 3307; x_wconf 88' lang='lat' dir='ltr'>r</span> 
     </span>
    </p>
   </div>
   <div class='ocr_carea' id='block_1_19' title="bbox 520 3374 1678 3469">
    <p class='ocr_par' dir='ltr' id='par_1_19' title="bbox 520 3374 1678 3469">
     <span class='ocr_line' id='line_1_32' title="bbox 520 3374 1678 3469; baseline 0.002 -17"><span class='ocrx_word' id='word_1_228' title='bbox 520 3403 633 3453; x_wconf 88' lang='lat' dir='ltr'>The</span> <span class='ocrx_word' id='word_1_229' title='bbox 663 3403 902 3453; x_wconf 86' lang='lat' dir='ltr'>omission</span> <span class='ocrx_word' id='word_1_230' title='bbox 923 3402 1015 3454; x_wconf 87' lang='lat' dir='ltr'>has</span> <span class='ocrx_word' id='word_1_231' title='bbox 1035 3404 1128 3454; x_wconf 87' lang='lat' dir='ltr'>but</span> <span class='ocrx_word' id='word_1_232' title='bbox 1151 3420 1270 3469; x_wconf 82' lang='lat' dir='ltr'>very</span> <span class='ocrx_word' id='word_1_233' title='bbox 1293 3405 1446 3469; x_wconf 82' lang='lat' dir='ltr'>slight</span> <span class='ocrx_word' id='word_1_234' title='bbox 1459 3374 1678 3469; x_wconf 27' lang='lat' dir='ltr'>‘support</span> 
     </span>
    </p>
   </div>
   <div class='ocr_carea' id='block_1_20' title="bbox 519 3480 1701 3549">
    <p class='ocr_par' dir='ltr' id='par_1_20' title="bbox 519 3480 1701 3549">
     <span class='ocr_line' id='line_1_33' title="bbox 519 3480 1701 3549; baseline -0.001 -14"><span class='ocrx_word' id='word_1_235' title='bbox 519 3483 602 3549; x_wconf 82' lang='lat' dir='ltr'>(cf.</span> <span class='ocrx_word' id='word_1_236' title='bbox 627 3480 826 3535; x_wconf 81' lang='lat' dir='ltr'>Tisch.⁸</span> <span class='ocrx_word' id='word_1_237' title='bbox 845 3485 918 3533; x_wconf 82' lang='lat' dir='ltr'>ad</span> <span class='ocrx_word' id='word_1_238' title='bbox 931 3486 980 3533; x_wconf 77' lang='lat' dir='ltr'>h.</span> <span class='ocrx_word' id='word_1_239' title='bbox 1000 3485 1075 3549; x_wconf 80' lang='grc'>1.),</span> <span class='ocrx_word' id='word_1_240' title='bbox 1115 3486 1207 3535; x_wconf 88' lang='lat' dir='ltr'>but</span> <span class='ocrx_word' id='word_1_241' title='bbox 1237 3486 1384 3536; x_wconf 90' lang='lat' dir='ltr'><strong>Th.’s</strong></span> <span class='ocrx_word' id='word_1_242' title='bbox 1421 3493 1701 3535; x_wconf 87' lang='lat' dir='ltr'>comment·</span> 
     </span>
    </p>
   </div>
   <div class='ocr_carea' id='block_1_21' title="bbox 517 3568 1681 4533">
    <p class='ocr_par' dir='ltr' id='par_1_21' title="bbox 517 3568 1679 3784">
     <span class='ocr_line' id='line_1_34' title="bbox 517 3568 1678 3632; baseline -0.001 -12"><span class='ocrx_word' id='word_1_243' title='bbox 517 3568 759 3632; x_wconf 74' lang='lat' dir='ltr'>certainly</span> <span class='ocrx_word' id='word_1_244' title='bbox 779 3568 924 3619; x_wconf 72' lang='lat' dir='ltr'>takes</span> <span class='ocrx_word' id='word_1_245' title='bbox 959 3584 1028 3621; x_wconf 81' lang='lat' dir='ltr'>no</span> <span class='ocrx_word' id='word_1_246' title='bbox 1063 3578 1277 3621; x_wconf 79' lang='lat' dir='ltr'>account</span> <span class='ocrx_word' id='word_1_247' title='bbox 1310 3568 1368 3619; x_wconf 79' lang='lat' dir='ltr'>of</span> <span class='ocrx_word' id='word_1_248' title='bbox 1391 3568 1478 3620; x_wconf 79' lang='lat' dir='ltr'>the</span> <span class='ocrx_word' id='word_1_249' title='bbox 1509 3568 1678 3619; x_wconf 69' lang='lat' dir='ltr'>word·</span> 
     </span>
     <span class='ocr_line' id='line_1_35' title="bbox 521 3646 1679 3716; baseline 0.003 -16"><span class='ocrx_word' id='word_1_250' title='bbox 521 3653 572 3700; x_wconf 72' lang='grc' dir='ltr'>ἐν</span> <span class='ocrx_word' id='word_1_251' title='bbox 596 3652 759 3701; x_wconf 74' lang='grc' dir='ltr'>πίστει</span> <span class='ocrx_word' id='word_1_252' title='bbox 779 3646 858 3712; x_wconf 69' lang='grc' dir='ltr'>τῦ,</span> <span class='ocrx_word' id='word_1_253' title='bbox 897 3651 1000 3701; x_wconf 81' lang='lat' dir='ltr'>and</span> <span class='ocrx_word' id='word_1_254' title='bbox 1039 3651 1222 3703; x_wconf 71' lang='lat' dir='ltr'>indeed</span> <span class='ocrx_word' id='word_1_255' title='bbox 1255 3652 1437 3703; x_wconf 74' lang='lat' dir='ltr'>almost</span> <span class='ocrx_word' id='word_1_256' title='bbox 1476 3651 1679 3716; x_wconf 79' lang='lat' dir='ltr'>implies</span> 
     </span>
     <span class='ocr_line' id='line_1_36' title="bbox 520 3732 903 3784; baseline -0.008 -1"><span class='ocrx_word' id='word_1_257' title='bbox 520 3732 649 3783; x_wconf 78' lang='lat' dir='ltr'>their</span> <span class='ocrx_word' id='word_1_258' title='bbox 671 3733 903 3784; x_wconf 74' lang='lat' dir='ltr'>absence.</span> 
     </span>
    </p>

    <p class='ocr_par' dir='ltr' id='par_1_22' title="bbox 517 3812 1681 4533">
     <span class='ocr_line' id='line_1_37' title="bbox 590 3812 1675 3878; baseline -0.004 -13"><span class='ocrx_word' id='word_1_259' title='bbox 590 3834 632 3869; x_wconf 84' lang='lat'>1.</span> <span class='ocrx_word' id='word_1_260' title='bbox 702 3816 816 3865; x_wconf 77' lang='lat' dir='ltr'>licet</span> <span class='ocrx_word' id='word_1_261' title='bbox 843 3815 892 3871; x_wconf 69' lang='lat' dir='ltr'>si</span> <span class='ocrx_word' id='word_1_262' title='bbox 923 3813 984 3863; x_wconf 72' lang='lat' dir='ltr'>in</span> <span class='ocrx_word' id='word_1_263' title='bbox 1015 3822 1196 3878; x_wconf 65' lang='lat' dir='ltr'>praes„</span> <span class='ocrx_word' id='word_1_264' title='bbox 1225 3812 1341 3875; x_wconf 80' lang='lat' dir='ltr'>&amp;c.]</span> <span class='ocrx_word' id='word_1_265' title='bbox 1397 3812 1471 3869; x_wconf 88' lang='lat' dir='ltr'>So</span> <span class='ocrx_word' id='word_1_266' title='bbox 1497 3812 1675 3873; x_wconf 68' lang='lat' dir='ltr'>Thdt„</span> 
     </span>
     <span class='ocr_line' id='line_1_38' title="bbox 519 3896 1678 3960; baseline -0.003 -11"><span class='ocrx_word' id='word_1_267' title='bbox 519 3898 702 3949; x_wconf 78' lang='lat' dir='ltr'>almost</span> <span class='ocrx_word' id='word_1_268' title='bbox 745 3896 967 3960; x_wconf 79' lang='lat' dir='ltr'>exactiy:</span> <span class='ocrx_word' id='word_1_269' title='bbox 1019 3898 1061 3944; x_wconf 78' lang='grc' dir='ltr'>εἰ</span> <span class='ocrx_word' id='word_1_270' title='bbox 1102 3896 1201 3957; x_wconf 73' lang='grc' dir='ltr'>γὰρ</span> <span class='ocrx_word' id='word_1_271' title='bbox 1241 3896 1482 3945; x_wconf 72' lang='grc' dir='ltr'>ἐλάττονά.</span> <span class='ocrx_word' id='word_1_272' title='bbox 1526 3902 1678 3957; x_wconf 74' lang='grc' dir='ltr'>φησιν</span> 
     </span>
     <span class='ocr_line' id='line_1_39' title="bbox 517 3974 1679 4042; baseline -0.003 -11"><span class='ocrx_word' id='word_1_273' title='bbox 517 3984 662 4042; x_wconf 74' lang='grc' dir='ltr'>τιμὴν</span> <span class='ocrx_word' id='word_1_274' title='bbox 679 3980 872 4041; x_wconf 65' lang='grc' dir='ltr'>ἔχουσιν</span> <span class='ocrx_word' id='word_1_275' title='bbox 896 3980 1022 4035; x_wconf 70' lang='grc' dir='ltr'>κατὰ</span> <span class='ocrx_word' id='word_1_276' title='bbox 1044 3974 1186 4028; x_wconf 63' lang='lat' dir='ltr'>nir&amp;</span> <span class='ocrx_word' id='word_1_277' title='bbox 1205 3979 1289 4027; x_wconf 71' lang='grc' dir='ltr'>τὸν</span> <span class='ocrx_word' id='word_1_278' title='bbox 1308 3979 1430 4041; x_wconf 68' lang='grc' dir='ltr'>βίον,</span> <span class='ocrx_word' id='word_1_279' title='bbox 1459 3976 1572 4027; x_wconf 70' lang='grc' dir='ltr'><strong>ἀλλ’</strong></span> <span class='ocrx_word' id='word_1_280' title='bbox 1597 3980 1679 4028; x_wconf 72' lang='grc' dir='ltr'>οῦν</span> 
     </span>
     <span class='ocr_line' id='line_1_40' title="bbox 523 4058 1677 4121; baseline -0.001 -13"><span class='ocrx_word' id='word_1_281' title='bbox 523 4060 695 4109; x_wconf 74' lang='grc' dir='ltr'>εἰδέναι</span> <span class='ocrx_word' id='word_1_282' title='bbox 743 4059 982 4121; x_wconf 82' lang='grc' dir='ltr'><strong><em>προσήκει</em></strong></span> <span class='ocrx_word' id='word_1_283' title='bbox 1035 4058 1097 4107; x_wconf 78' lang='grc' dir='ltr'>ὡς</span> <span class='ocrx_word' id='word_1_284' title='bbox 1136 4060 1228 4117; x_wconf 57' lang='grc' dir='ltr'>τὴν</span> <span class='ocrx_word' id='word_1_285' title='bbox 1281 4059 1677 4119; x_wconf 70' lang='grc' dir='ltr'>ἐγχειρισθεῖσαν</span> 
     </span>
     <span class='ocr_line' id='line_1_41' title="bbox 520 4136 1680 4202; baseline -0.001 -12"><span class='ocrx_word' id='word_1_286' title='bbox 520 4136 892 4202; x_wconf 65' lang='grc' dir='ltr'>ησληρωκᾶης</span> <span class='ocrx_word' id='word_1_287' title='bbox 959 4141 1202 4189; x_wconf 67' lang='grc' dir='ltr'>διακονίαν</span> <span class='ocrx_word' id='word_1_288' title='bbox 1254 4141 1338 4189; x_wconf 67' lang='grc' dir='ltr'>τὸν</span> <span class='ocrx_word' id='word_1_289' title='bbox 1390 4141 1680 4198; x_wconf 70' lang='grc' dir='ltr'>τιμιώτατον</span> 
     </span>
     <span class='ocr_line' id='line_1_42' title="bbox 519 4218 1678 4285; baseline -0.001 -17"><span class='ocrx_word' id='word_1_290' title='bbox 519 4222 710 4285; x_wconf 77' lang='grc' dir='ltr'>βαθμὸν</span> <span class='ocrx_word' id='word_1_291' title='bbox 733 4222 788 4269; x_wconf 70' lang='grc' dir='ltr'>δν</span> <span class='ocrx_word' id='word_1_292' title='bbox 809 4218 887 4282; x_wconf 74' lang='grc' dir='ltr'><em>τῷ</em></span> <span class='ocrx_word' id='word_1_293' title='bbox 906 4220 1188 4279; x_wconf 66' lang='grc' dir='ltr'>μέλλοντι</span> <span class='ocrx_word' id='word_1_294' title='bbox 1223 4222 1522 4283; x_wconf 75' lang='grc' dir='ltr'>λήψονται</span> <span class='ocrx_word' id='word_1_295' title='bbox 1553 4220 1678 4281; x_wconf 75' lang='grc' dir='ltr'>βίῳ,</span> 
     </span>
     <span class='ocr_line' id='line_1_43' title="bbox 522 4300 1678 4365; baseline -0.003 -11"><span class='ocrx_word' id='word_1_296' title='bbox 522 4305 604 4354; x_wconf 69' lang='grc' dir='ltr'>καὶ</span> <span class='ocrx_word' id='word_1_297' title='bbox 636 4300 720 4363; x_wconf 70' lang='grc' dir='ltr'>τῆς</span> <span class='ocrx_word' id='word_1_298' title='bbox 752 4304 870 4365; x_wconf 73' lang='grc' dir='ltr'>πρὸς</span> <span class='ocrx_word' id='word_1_299' title='bbox 902 4304 986 4351; x_wconf 78' lang='grc' dir='ltr'>τὸν</span> <span class='ocrx_word' id='word_1_300' title='bbox 1017 4302 1258 4363; x_wconf 76' lang='grc' dir='ltr'>δεσπότην</span> <span class='ocrx_word' id='word_1_301' title='bbox 1300 4302 1514 4364; x_wconf 77' lang='grc' dir='ltr'>Χριστὸν</span> <span class='ocrx_word' id='word_1_302' title='bbox 1557 4304 1678 4351; x_wconf 75' lang='grc' dir='ltr'>ἀπο-</span> 
     </span>
     <span class='ocr_line' id='line_1_44' title="bbox 520 4382 1681 4448; baseline 0 -15"><span class='ocrx_word' id='word_1_303' title='bbox 520 4382 786 4434; x_wconf 74' lang='grc' dir='ltr'>λαύσονται</span> <span class='ocrx_word' id='word_1_304' title='bbox 829 4386 1120 4446; x_wconf 64' lang='grc' dir='ltr'>παρρησίας.</span> <span class='ocrx_word' id='word_1_305' title='bbox 1222 4384 1401 4448; x_wconf 82' lang='lat' dir='ltr'>Chrys.</span> <span class='ocrx_word' id='word_1_306' title='bbox 1448 4391 1681 4437; x_wconf 76' lang='lat' dir='ltr'>contents</span> 
     </span>
     <span class='ocr_line' id='line_1_45' title="bbox 521 4460 1679 4533; baseline -0.005 -15"><span class='ocrx_word' id='word_1_307' title='bbox 521 4465 727 4518; x_wconf 75' lang='lat' dir='ltr'>himself</span> <span class='ocrx_word' id='word_1_308' title='bbox 743 4464 866 4517; x_wconf 80' lang='lat' dir='ltr'>with</span> <span class='ocrx_word' id='word_1_309' title='bbox 902 4464 1192 4533; x_wconf 72' lang='lat' dir='ltr'>explaining</span> <span class='ocrx_word' id='word_1_310' title='bbox 1215 4460 1407 4529; x_wconf 73' lang='grc' dir='ltr'><strong><em>βαθμόν</em></strong></span> <span class='ocrx_word' id='word_1_311' title='bbox 1443 4480 1550 4517; x_wconf 72' lang='lat' dir='ltr'>as=</span> <span class='ocrx_word' id='word_1_312' title='bbox 1563 4480 1679 4526; x_wconf 76' lang='grc' dir='ltr'><strong><em>προ-</em></strong></span> 
     </span>
    </p>
   </div>
   <div class='ocr_carea' id='block_1_22' title="bbox 518 3011 2132 3161">
    <p class='ocr_par' dir='ltr' id='par_1_23' title="bbox 518 3011 2132 3161">
     <span class='ocr_line' id='line_1_46' title="bbox 1357 3011 1789 3077; baseline 0.002 -16"><span class='ocrx_word' id='word_1_313' title='bbox 1357 3026 1384 3075; x_wconf 81' lang='lat'><strong>3</strong></span> <span class='ocrx_word' id='word_1_314' title='bbox 1417 3011 1698 3077; x_wconf 79' lang='lat' dir='ltr'>assequitur</span> <span class='ocrx_word' id='word_1_315' title='bbox 1721 3012 1789 3062; x_wconf 79' lang='lat' dir='ltr'><em>H</em></span> 
     </span>
     <span class='ocr_line' id='line_1_47' title="bbox 518 3092 2132 3161; baseline -0.002 -14"><span class='ocrx_word' id='word_1_316' title='bbox 518 3110 549 3161; x_wconf 91' lang='lat'>9</span> <span class='ocrx_word' id='word_1_317' title='bbox 582 3097 824 3147; x_wconf 81' lang='lat' dir='ltr'>adiuuans</span> <span class='ocrx_word' id='word_1_318' title='bbox 847 3094 962 3160; x_wconf 83' lang='lat' dir='ltr'>(for</span> <span class='ocrx_word' id='word_1_319' title='bbox 982 3101 1032 3144; x_wconf 88' lang='lat' dir='ltr'>et</span> <span class='ocrx_word' id='word_1_320' title='bbox 1052 3093 1254 3154; x_wconf 80' lang='lat' dir='ltr'>iuuans)</span> <span class='ocrx_word' id='word_1_321' title='bbox 1281 3095 1328 3149; x_wconf 85' lang='lat' dir='ltr'><em>C</em></span> <span class='ocrx_word' id='word_1_322' title='bbox 1347 3092 1495 3158; x_wconf 78' lang='lat' dir='ltr'>(corr)</span> <span class='ocrx_word' id='word_1_323' title='bbox 1525 3092 1534 3159; x_wconf 84' lang='grc' dir='ltr'>Ι</span> <span class='ocrx_word' id='word_1_324' title='bbox 1563 3094 1976 3159; x_wconf 71' lang='lat' dir='ltr'>hunc...gmdum</span> <span class='ocrx_word' id='word_1_325' title='bbox 1996 3109 2075 3149; x_wconf 76' lang='lat' dir='ltr'>om,</span> <span class='ocrx_word' id='word_1_326' title='bbox 2099 3111 2132 3143; x_wconf 84' lang='lat' dir='ltr'>r</span> 
     </span>
    </p>
   </div>
   <div class='ocr_carea' id='block_1_23' title="bbox 1209 3257 2251 3322">
    <p class='ocr_par' dir='ltr' id='par_1_24' title="bbox 1209 3257 2251 3322">
     <span class='ocr_line' id='line_1_48' title="bbox 1209 3257 2251 3322; baseline 0 -15"><span class='ocrx_word' id='word_1_327' title='bbox 1209 3272 1276 3307; x_wconf 72' lang='lat'>20</span> <span class='ocrx_word' id='word_1_328' title='bbox 1307 3257 1570 3308; x_wconf 73' lang='lat' dir='ltr'>tardaueno</span> <span class='ocrx_word' id='word_1_329' title='bbox 1595 3258 1710 3322; x_wconf 88' lang='lat' dir='ltr'>(sor</span> <span class='ocrx_word' id='word_1_330' title='bbox 1728 3257 1949 3307; x_wconf 78' lang='lat' dir='ltr'>euenerit</span> <span class='ocrx_word' id='word_1_331' title='bbox 1973 3272 2057 3307; x_wconf 79' lang='lat' dir='ltr'>me</span> <span class='ocrx_word' id='word_1_332' title='bbox 2078 3258 2193 3319; x_wconf 82' lang='lat' dir='ltr'>ret.)</span> <span class='ocrx_word' id='word_1_333' title='bbox 2216 3274 2251 3307; x_wconf 81' lang='lat' dir='ltr'>r</span> 
     </span>
    </p>
   </div>
   <div class='ocr_carea' id='block_1_24' title="bbox 2053 3008 2942 3309">
    <p class='ocr_par' dir='ltr' id='par_1_25' title="bbox 2053 3008 2942 3309">
     <span class='ocr_line' id='line_1_49' title="bbox 2053 3008 2938 3079; baseline 0.001 -18"><span class='ocrx_word' id='word_1_334' title='bbox 2053 3024 2080 3075; x_wconf 76' lang='lat'>5</span> <span class='ocrx_word' id='word_1_335' title='bbox 2116 3011 2283 3077; x_wconf 70' lang='lat' dir='ltr'>ipsum</span> <span class='ocrx_word' id='word_1_336' title='bbox 2303 3010 2396 3062; x_wconf 73' lang='lat' dir='ltr'>H:</span> <span class='ocrx_word' id='word_1_337' title='bbox 2427 3028 2507 3062; x_wconf 82' lang='lat' dir='ltr'>om</span> <span class='ocrx_word' id='word_1_338' title='bbox 2529 3029 2564 3060; x_wconf 88' lang='lat' dir='ltr'>r</span> <span class='ocrx_word' id='word_1_339' title='bbox 2586 3008 2599 3077; x_wconf 69' lang='grc' dir='ltr'>Ι</span> <span class='ocrx_word' id='word_1_340' title='bbox 2624 3012 2881 3079; x_wconf 78' lang='lat' dir='ltr'>acquirere</span> <span class='ocrx_word' id='word_1_341' title='bbox 2903 3029 2938 3062; x_wconf 86' lang='lat' dir='ltr'>r</span> 
     </span>
     <span class='ocr_line' id='line_1_50' title="bbox 2392 3094 2942 3161; baseline 0.004 -16"><span class='ocrx_word' id='word_1_342' title='bbox 2392 3110 2453 3145; x_wconf 86' lang='lat'>10</span> <span class='ocrx_word' id='word_1_343' title='bbox 2485 3112 2602 3147; x_wconf 81' lang='lat' dir='ltr'>nam</span> <span class='ocrx_word' id='word_1_344' title='bbox 2628 3094 2743 3161; x_wconf 75' lang='lat' dir='ltr'>(far</span> <span class='ocrx_word' id='word_1_345' title='bbox 2762 3098 2884 3157; x_wconf 77' lang='lat' dir='ltr'>iam)</span> <span class='ocrx_word' id='word_1_346' title='bbox 2908 3114 2942 3147; x_wconf 83' lang='lat' dir='ltr'>r</span> 
     </span>
     <span class='ocr_line' id='line_1_51' title="bbox 2744 3177 2935 3229; baseline 0 -2"><span class='ocrx_word' id='word_1_347' title='bbox 2744 3180 2801 3229; x_wconf 85' lang='lat'>18</span> <span class='ocrx_word' id='word_1_348' title='bbox 2836 3177 2935 3227; x_wconf 87' lang='lat' dir='ltr'>illis</span> 
     </span>
     <span class='ocr_line' id='line_1_52' title="bbox 2424 3259 2729 3309; baseline 0.003 -1"><span class='ocrx_word' id='word_1_349' title='bbox 2424 3274 2480 3308; x_wconf 79' lang='lat'>21</span> <span class='ocrx_word' id='word_1_350' title='bbox 2519 3259 2675 3309; x_wconf 89' lang='lat' dir='ltr'>domo</span> <span class='ocrx_word' id='word_1_351' title='bbox 2696 3275 2729 3309; x_wconf 87' lang='lat' dir='ltr'>r</span> 
     </span>
    </p>
   </div>
   <div class='ocr_carea' id='block_1_25' title="bbox 1776 3402 2943 4373">
    <p class='ocr_par' dir='ltr' id='par_1_26' title="bbox 1777 3402 2939 3951">
     <span class='ocr_line' id='line_1_53' title="bbox 1781 3402 2937 3472; baseline 0.004 -21"><span class='ocrx_word' id='word_1_352' title='bbox 1781 3402 1954 3461; x_wconf 67' lang='grc' dir='ltr'>κοπτήν.</span> <span class='ocrx_word' id='word_1_353' title='bbox 2028 3402 2258 3468; x_wconf 76' lang='lat' dir='ltr'>Pelagius</span> <span class='ocrx_word' id='word_1_354' title='bbox 2280 3404 2323 3455; x_wconf 81' lang='lat' dir='ltr'>is</span> <span class='ocrx_word' id='word_1_355' title='bbox 2338 3404 2415 3455; x_wconf 76' lang='lat' dir='ltr'>for</span> <span class='ocrx_word' id='word_1_356' title='bbox 2436 3420 2563 3455; x_wconf 85' lang='lat' dir='ltr'>once</span> <span class='ocrx_word' id='word_1_357' title='bbox 2594 3405 2645 3455; x_wconf 79' lang='lat' dir='ltr'>in</span> <span class='ocrx_word' id='word_1_358' title='bbox 2666 3406 2824 3462; x_wconf 73' lang='lat' dir='ltr'>direct</span> <span class='ocrx_word' id='word_1_359' title='bbox 2845 3421 2937 3472; x_wconf 84' lang='lat' dir='ltr'>op-</span> 
     </span>
     <span class='ocr_line' id='line_1_54' title="bbox 1779 3483 2937 3553; baseline 0.006 -22"><span class='ocrx_word' id='word_1_360' title='bbox 1779 3483 1997 3547; x_wconf 88' lang='lat' dir='ltr'>position</span> <span class='ocrx_word' id='word_1_361' title='bbox 2020 3490 2075 3533; x_wconf 90' lang='lat' dir='ltr'>to</span> <span class='ocrx_word' id='word_1_362' title='bbox 2098 3484 2218 3535; x_wconf 63' lang='lat' dir='ltr'>‘nm</span> <span class='ocrx_word' id='word_1_363' title='bbox 2276 3488 2307 3512; x_wconf 82' lang='lat'>‘⁸</span> <span class='ocrx_word' id='word_1_364' title='bbox 2324 3486 2505 3535; x_wconf 81' lang='lat' dir='ltr'>bonum</span> <span class='ocrx_word' id='word_1_365' title='bbox 2540 3486 2625 3536; x_wconf 86' lang='lat' dir='ltr'>hic</span> <span class='ocrx_word' id='word_1_366' title='bbox 2656 3503 2749 3551; x_wconf 84' lang='lat' dir='ltr'>pro</span> <span class='ocrx_word' id='word_1_367' title='bbox 2778 3490 2937 3553; x_wconf 79' lang='lat' dir='ltr'>gradu</span> 
     </span>
     <span class='ocr_line' id='line_1_55' title="bbox 1778 3564 2936 3632; baseline 0.005 -20"><span class='ocrx_word' id='word_1_368' title='bbox 1778 3565 1992 3619; x_wconf 72' lang='lat' dir='ltr'>maiori</span> <span class='ocrx_word' id='word_1_369' title='bbox 2023 3564 2243 3630; x_wconf 83' lang='lat' dir='ltr'>posuit.”</span> <span class='ocrx_word' id='word_1_370' title='bbox 2311 3567 2494 3631; x_wconf 77' lang='lat' dir='ltr'>Comp.</span> <span class='ocrx_word' id='word_1_371' title='bbox 2542 3568 2681 3619; x_wconf 80' lang='lat' dir='ltr'>Dict.</span> <span class='ocrx_word' id='word_1_372' title='bbox 2712 3568 2778 3632; x_wconf 72' lang='lat' dir='ltr'>qs</span> <span class='ocrx_word' id='word_1_373' title='bbox 2812 3569 2936 3619; x_wconf 72' lang='lat' dir='ltr'>Chr.</span> 
     </span>
     <span class='ocr_line' id='line_1_56' title="bbox 1777 3648 2937 3714; baseline 0.005 -18"><span class='ocrx_word' id='word_1_374' title='bbox 1777 3649 1906 3696; x_wconf 80' lang='lat' dir='ltr'>Ant.</span> <span class='ocrx_word' id='word_1_375' title='bbox 1940 3657 1979 3695; x_wconf 92' lang='lat'>1.</span> <span class='ocrx_word' id='word_1_376' title='bbox 2016 3664 2067 3712; x_wconf 90' lang='lat' dir='ltr'>p.</span> <span class='ocrx_word' id='word_1_377' title='bbox 2107 3661 2219 3711; x_wconf 84' lang='lat'><strong>53¹·</strong></span> <span class='ocrx_word' id='word_1_378' title='bbox 2282 3648 2533 3698; x_wconf 59' lang='lat' dir='ltr'>lanfranc</span> <span class='ocrx_word' id='word_1_379' title='bbox 2572 3650 2759 3714; x_wconf 70' lang='lat' dir='ltr'>adopts</span> <span class='ocrx_word' id='word_1_380' title='bbox 2788 3650 2937 3703; x_wconf 57' lang='lat' dir='ltr'>Thsss</span> 
     </span>
     <span class='ocr_line' id='line_1_57' title="bbox 1783 3730 2937 3797; baseline 0.003 -16"><span class='ocrx_word' id='word_1_381' title='bbox 1783 3732 1930 3797; x_wconf 74' lang='lat' dir='ltr'>view,</span> <span class='ocrx_word' id='word_1_382' title='bbox 1968 3730 2218 3796; x_wconf 77' lang='lat' dir='ltr'>ascrihing</span> <span class='ocrx_word' id='word_1_383' title='bbox 2259 3733 2300 3782; x_wconf 89' lang='lat' dir='ltr'>it</span> <span class='ocrx_word' id='word_1_384' title='bbox 2343 3748 2402 3781; x_wconf 75' lang='lat' dir='ltr'>as</span> <span class='ocrx_word' id='word_1_385' title='bbox 2440 3732 2583 3782; x_wconf 67' lang='lat' dir='ltr'>usual</span> <span class='ocrx_word' id='word_1_386' title='bbox 2627 3741 2685 3783; x_wconf 88' lang='lat' dir='ltr'>to</span> <span class='ocrx_word' id='word_1_387' title='bbox 2718 3734 2771 3785; x_wconf 91' lang='lat' dir='ltr'>S.</span> <span class='ocrx_word' id='word_1_388' title='bbox 2812 3736 2937 3784; x_wconf 86' lang='lat' dir='ltr'>Am-</span> 
     </span>
     <span class='ocr_line' id='line_1_58' title="bbox 1780 3812 2939 3877; baseline 0.005 -16"><span class='ocrx_word' id='word_1_389' title='bbox 1780 3812 1955 3865; x_wconf 74' lang='lat' dir='ltr'>brooee</span> <span class='ocrx_word' id='word_1_390' title='bbox 1992 3814 2122 3877; x_wconf 81' lang='lat' dir='ltr'>“gr.</span> <span class='ocrx_word' id='word_1_391' title='bbox 2148 3812 2208 3873; x_wconf 66' lang='lat' dir='ltr'>b„</span> <span class='ocrx_word' id='word_1_392' title='bbox 2237 3828 2340 3863; x_wconf 82' lang='lat' dir='ltr'>non</span> <span class='ocrx_word' id='word_1_393' title='bbox 2368 3813 2419 3861; x_wconf 86' lang='lat' dir='ltr'>in</span> <span class='ocrx_word' id='word_1_394' title='bbox 2455 3817 2703 3877; x_wconf 74' lang='lat' dir='ltr'>praesenti</span> <span class='ocrx_word' id='word_1_395' title='bbox 2740 3816 2939 3867; x_wconf 68' lang='lat' dir='ltr'>saeculo</span> 
     </span>
     <span class='ocr_line' id='line_1_59' title="bbox 1778 3895 1951 3951; baseline 0.023 -4"><span class='ocrx_word' id='word_1_396' title='bbox 1778 3895 1951 3951; x_wconf 82' lang='lat' dir='ltr'>dieit.”</span> 
     </span>
    </p>

    <p class='ocr_par' dir='ltr' id='par_1_27' title="bbox 1776 3979 2943 4373">
     <span class='ocr_line' id='line_1_60' title="bbox 1845 3979 2932 4043; baseline 0.004 -14"><span class='ocrx_word' id='word_1_397' title='bbox 1845 3994 1927 4031; x_wconf 76' lang='lat'>⁴20-</span> <span class='ocrx_word' id='word_1_398' title='bbox 1992 3979 2043 4029; x_wconf 69' lang='grc' dir='ltr'>εἰ</span> <span class='ocrx_word' id='word_1_399' title='bbox 2064 3984 2231 4028; x_wconf 82' lang='lat' dir='ltr'><em>autem</em></span> <span class='ocrx_word' id='word_1_400' title='bbox 2258 3994 2393 4028; x_wconf 76' lang='lat' dir='ltr'>euen.</span> <span class='ocrx_word' id='word_1_401' title='bbox 2433 3994 2511 4030; x_wconf 67' lang='lat' dir='ltr'>me</span> <span class='ocrx_word' id='word_1_402' title='bbox 2540 3980 2749 4043; x_wconf 63' lang='lat' dir='ltr'>ret-ord]</span> <span class='ocrx_word' id='word_1_403' title='bbox 2782 3982 2846 4033; x_wconf 93' lang='grc' dir='ltr'>Ο.</span> <span class='ocrx_word' id='word_1_404' title='bbox 2871 3982 2932 4033; x_wconf 88' lang='lat' dir='ltr'>L.</span> 
     </span>
     <span class='ocr_line' id='line_1_61' title="bbox 1776 4060 2940 4125; baseline 0.005 -16"><span class='ocrx_word' id='word_1_405' title='bbox 1776 4062 1879 4113; x_wconf 83' lang='lat' dir='ltr'>and</span> <span class='ocrx_word' id='word_1_406' title='bbox 1894 4062 2065 4125; x_wconf 61' lang='lat' dir='ltr'>Vulg„</span> <span class='ocrx_word' id='word_1_407' title='bbox 2086 4066 2099 4088; x_wconf 88' lang='lat'>‘</span> <span class='ocrx_word' id='word_1_408' title='bbox 2110 4062 2125 4085; x_wconf 90' lang='lat'>‘</span> <span class='ocrx_word' id='word_1_409' title='bbox 2138 4060 2317 4124; x_wconf 78' lang='lat' dir='ltr'>quodsi</span> <span class='ocrx_word' id='word_1_410' title='bbox 2340 4061 2405 4122; x_wconf 78' lang='lat' dir='ltr'>[si</span> <span class='ocrx_word' id='word_1_411' title='bbox 2426 4062 2618 4124; x_wconf 82' lang='lat' dir='ltr'>autem]</span> <span class='ocrx_word' id='word_1_412' title='bbox 2633 4064 2897 4114; x_wconf 71' lang='lat' dir='ltr'>tardaueto</span> <span class='ocrx_word' id='word_1_413' title='bbox 2908 4064 2940 4089; x_wconf 69' lang='lat'>⁸⁸</span> 
     </span>
     <span class='ocr_line' id='line_1_62' title="bbox 1780 4141 2938 4209; baseline 0.003 -16"><span class='ocrx_word' id='word_1_414' title='bbox 1780 4142 1885 4209; x_wconf 70' lang='grc' dir='ltr'>(ἐὰν</span> <span class='ocrx_word' id='word_1_415' title='bbox 1926 4146 1979 4193; x_wconf 71' lang='grc' dir='ltr'>δὲ</span> <span class='ocrx_word' id='word_1_416' title='bbox 2021 4141 2277 4207; x_wconf 74' lang='grc' dir='ltr'><strong>βραδύιιω).</strong></span> <span class='ocrx_word' id='word_1_417' title='bbox 2318 4145 2608 4205; x_wconf 79' lang='lat' dir='ltr'>Quemadm.</span> <span class='ocrx_word' id='word_1_418' title='bbox 2664 4149 2938 4197; x_wconf 60' lang='lat' dir='ltr'>conuemht.</span> 
     </span>
     <span class='ocr_line' id='line_1_63' title="bbox 1782 4224 2937 4293; baseline 0.001 -19"><span class='ocrx_word' id='word_1_419' title='bbox 1782 4226 1847 4275; x_wconf 94' lang='lat' dir='ltr'>O.</span> <span class='ocrx_word' id='word_1_420' title='bbox 1894 4224 1954 4274; x_wconf 94' lang='lat' dir='ltr'>L.</span> <span class='ocrx_word' id='word_1_421' title='bbox 2018 4224 2166 4286; x_wconf 60' lang='lat' dir='ltr'>(Hit,</span> <span class='ocrx_word' id='word_1_422' title='bbox 2230 4224 2498 4281; x_wconf 69' lang='lat' dir='ltr'>Ambrstr„</span> <span class='ocrx_word' id='word_1_423' title='bbox 2562 4225 2730 4283; x_wconf 59' lang='lat' dir='ltr'>Hieta,</span> <span class='ocrx_word' id='word_1_424' title='bbox 2782 4226 2937 4293; x_wconf 79' lang='lat' dir='ltr'><strong>Aug.)</strong></span> 
     </span>
     <span class='ocr_line' id='line_1_64' title="bbox 1787 4304 2943 4373; baseline 0.005 -18"><span class='ocrx_word' id='word_1_425' title='bbox 1787 4307 1824 4332; x_wconf 77' lang='lat'>‘⁶</span> <span class='ocrx_word' id='word_1_426' title='bbox 1840 4306 2127 4371; x_wconf 77' lang='lat' dir='ltr'>quemadm.</span> <span class='ocrx_word' id='word_1_427' title='bbox 2142 4314 2369 4371; x_wconf 82' lang='lat' dir='ltr'>oporteat</span> <span class='ocrx_word' id='word_1_428' title='bbox 2388 4304 2436 4365; x_wconf 84' lang='lat'>;’&#39;</span> <span class='ocrx_word' id='word_1_429' title='bbox 2454 4306 2621 4372; x_wconf 67' lang='lat' dir='ltr'>Vulg„</span> <span class='ocrx_word' id='word_1_430' title='bbox 2642 4312 2674 4336; x_wconf 78' lang='lat'>‘⁸</span> <span class='ocrx_word' id='word_1_431' title='bbox 2685 4312 2943 4373; x_wconf 83' lang='lat' dir='ltr'>quomodo</span> 
     </span>
    </p>
   </div>
   <div class='ocr_carea' id='block_1_26' title="bbox 1780 4386 2941 4535">
    <p class='ocr_par' dir='ltr' id='par_1_28' title="bbox 1780 4386 2941 4535">
     <span class='ocr_line' id='line_1_65' title="bbox 1780 4386 2941 4455; baseline 0.006 -17"><span class='ocrx_word' id='word_1_432' title='bbox 1780 4394 2025 4455; x_wconf 81' lang='lat' dir='ltr'>oporteat.</span> <span class='ocrx_word' id='word_1_433' title='bbox 2034 4386 2065 4411; x_wconf 77' lang='lat'>’⁹</span> <span class='ocrx_word' id='word_1_434' title='bbox 2132 4388 2217 4439; x_wconf 87' lang='lat' dir='ltr'>On</span> <span class='ocrx_word' id='word_1_435' title='bbox 2247 4396 2453 4455; x_wconf 71' lang='lat' dir='ltr'>speram</span> <span class='ocrx_word' id='word_1_436' title='bbox 2482 4406 2533 4440; x_wconf 76' lang='lat' dir='ltr'>u.</span> <span class='ocrx_word' id='word_1_437' title='bbox 2562 4390 2634 4441; x_wconf 75' lang='lat' dir='ltr'>ad</span> <span class='ocrx_word' id='word_1_438' title='bbox 2653 4398 2701 4441; x_wconf 80' lang='lat' dir='ltr'>te</span> <span class='ocrx_word' id='word_1_439' title='bbox 2728 4393 2823 4444; x_wconf 76' lang='lat' dir='ltr'>cito</span> <span class='ocrx_word' id='word_1_440' title='bbox 2856 4408 2941 4445; x_wconf 80' lang='lat' dir='ltr'>see</span> 
     </span>
     <span class='ocr_line' id='line_1_66' title="bbox 1782 4467 2582 4535; baseline 0 -16"><span class='ocrx_word' id='word_1_441' title='bbox 1782 4468 1927 4519; x_wconf 56' lang='lat' dir='ltr'>Thes</span> <span class='ocrx_word' id='word_1_442' title='bbox 1948 4484 2053 4535; x_wconf 74' lang='lat' dir='ltr'>arg.</span> <span class='ocrx_word' id='word_1_443' title='bbox 2082 4474 2139 4521; x_wconf 91' lang='lat' dir='ltr'>to</span> <span class='ocrx_word' id='word_1_444' title='bbox 2164 4484 2190 4519; x_wconf 80' lang='lat'>2</span> <span class='ocrx_word' id='word_1_445' title='bbox 2216 4470 2352 4519; x_wconf 85' lang='lat' dir='ltr'>Tim.</span> <span class='ocrx_word' id='word_1_446' title='bbox 2378 4467 2582 4533; x_wconf 74' lang='lat' dir='ltr'>(infra).</span> 
     </span>
    </p>
   </div>
  </div>
 </body>
</html>
