3250 5025
332 391 461 455 111.
495 389 586 474 2.]
1046 401 1129 452 m
1179 402 1284 453 ΕΡ.
1329 403 1433 452 AD
1480 401 1948 455 TIMOTHEUM
1994 402 2039 452 1.
2632 402 2746 450 101

327 597 444 643 eos
485 575 840 642 indiscrete
869 575 1264 661 producunt,
1298 584 1367 642 et
1397 576 1670 660 quidem
1702 597 1855 642 cum
1898 577 1967 640 in
2008 578 2245 642 ceteris
2291 577 2359 642 id
2399 579 2753 643 obseruare

328 682 838 760 existimentur3
905 682 1096 765 quasi
1156 682 1314 765 quia
1374 682 1717 765 baptisma
1775 681 1979 746 saciat
2032 703 2189 746 eum
2242 703 2377 747 non
2438 682 2753 747 habuisse

330 785 498 849 duas
546 806 808 851 uxoreS.
900 787 1280 869 frequenter
1322 796 1549 851 autem
1593 787 1725 851 hoc
1770 787 1948 851 idern
1994 796 2205 870 agunt
2246 797 2315 851 et
2349 786 2436 851 de
2481 786 2609 850 illis
2640 785 2754 868 qui

329 899 487 954 sunt
531 890 720 973 praui
752 889 1026 969 arbitrii,
1059 891 1529 954 existimantes
1559 910 1633 954 se
1677 891 1933 973 optime
1974 890 2191 954 facere
2233 891 2290 954 si
2334 890 2754 973 baptizantes

331 993 519 1058 illurn
567 995 683 1078 qui
734 995 876 1057 uita
934 995 1112 1058 uixit
1169 994 1517 1058 luxuriosa
1575 995 1665 1060 ad
1727 993 2139 1058 functionem
2202 994 2548 1058 clericatus
2600 1011 2755 1074 pro·
2828 1005 2861 1073 5

331 1098 664 1177 duxerint,
696 1100 824 1183 qui.
843 1097 1028 1163 nulla
1059 1120 1183 1163 nec
1215 1100 1540 1165 uirtutum
1574 1120 1699 1163 nec
1730 1099 2003 1184 pietatis
2034 1098 2385 1182 diligentia
2414 1096 2755 1180 praeditus

332 1222 654 1285 umquam
693 1202 895 1266 fuisse
933 1203 1215 1267 uidetur.
1308 1211 1384 1267 ut
1414 1212 1641 1267 autem
1686 1203 1951 1268 silentio
1982 1212 2395 1287 praeteream
2438 1200 2755 1284 baptismi

333 1325 607 1371 causam
667 1305 756 1370 ob
831 1328 1036 1390 quam
1112 1307 1329 1384 datur,
1389 1307 1476 1371 ad
1537 1327 1743 1391 quam
1778 1308 2131 1373 ‘rationem
2207 1307 2478 1392 plurimi
2538 1325 2757 1388 neque

335 1411 658 1494 inspicere
727 1409 985 1489 uolunt,
1044 1409 1214 1474 illud
1289 1431 1451 1475 uero
1510 1411 1957 1478 conueniebat
2027 1412 2124 1476 eis
2190 1412 2374 1487 scire,
2436 1409 2755 1493 quoniam

335 1515 574 1579 beatus
621 1513 867 1578 Paulus
919 1513 1006 1578 de
1051 1513 1192 1578 uita
1239 1512 1356 1578 illa
1402 1514 1706 1597 disputat
1757 1515 2125 1579 secundum
2174 1534 2379 1599 quam
2428 1511 2531 1598 (ut
2577 1512 2754 1576 idern
2792 1526 2870 1575 10

335 1615 672 1701 opinatur)
705 1625 974 1700 oportet
1014 1617 1267 1681 uixisse
1316 1617 1731 1700 episcopum,
1766 1637 1901 1682 non
1938 1620 2027 1682 de
2062 1621 2491 1685 concessione
2520 1641 2757 1705 pecca-

336 1730 555 1786 torum
619 1720 920 1803 disputat
978 1740 1152 1804 quae
1210 1740 1331 1803 per
1387 1721 1678 1803 gratiam
1725 1721 2025 1806 gignitur
2071 1722 2202 1787 illis
2250 1725 2363 1809 qui
2418 1725 2757 1809 baptisma

336 1832 796 1909 perceperunt.
886 1823 943 1886 si
991 1832 1217 1887 autern
1259 1822 1388 1887 hoc
1434 1824 1528 1887 ita
1573 1821 1715 1888 fieri
1764 1825 2095 1909 optimum
2149 1848 2295 1892 esse
2346 1829 2757 1908 existimant,

337 1925 670 2010 superflua
700 1933 803 1989 est
833 1925 1052 1989 omnis
1083 1925 1417 2008 legislatio
1461 1925 1671 2006 Pauli,
1704 1927 1866 1991 dum
1909 1949 2013 1993 res
2058 1929 2381 1996 admittat
2419 1930 2604 1997 illum
2642 1936 2758 2019 qui

336 2030 908 2116 qualitercumque
963 2031 1140 2096 uixit
1179 2031 1506 2114 baptizari
1556 2040 1625 2097 et
1670 2033 1976 2125 protinus
2023 2033 2093 2097 in
2140 2033 2390 2100 clerum
2440 2036 2761 2119 produci;
2796 2062 2867 2128 15

338 2197 760 2288 παράγουσιν
789 2196 1008 2278 ἀδεῶς,
1040 2197 1256 2265 καίτοι
1285 2225 1362 2282 γε
1391 2197 1506 2265 ἐπὶ
1533 2201 1665 2265 τῶν
1690 2202 1950 2267 λοιπῶν
1979 2197 2137 2268 αὐτὸ
2169 2197 2628 2287 φυλάττεσθαι
2658 2198 2761 2265 δο-

339 2306 618 2382 κοῦντες,
680 2299 765 2372 ὦς
824 2300 906 2368 ἂν
962 2306 1082 2370 τοῦ
1131 2301 1603 2386 βαπτίσματος
1662 2305 2010 2373 ποιοῦντος
2069 2301 2266 2369 αὐτὸν
2324 2301 2541 2370 ου’κέτι
2599 2301 2764 2370 εἶναι

340 2405 764 2492 συνῳκηκότα
789 2404 978 2472 δυσὶν
998 2404 1325 2490 γυναιξίν·
1369 2403 1704 2475 πολλάκις
1728 2404 1797 2473 δὲ
1825 2411 2021 2473 τοῦτο
2045 2405 2157 2473 καὶ
2180 2405 2292 2473 ἐπὶ
2316 2409 2449 2473 τῶν
2472 2405 2764 2472 καθόλου

338 2509 696 2601 μοχθηρῶν
747 2506 1318 2597 διαπραττόμενοι,
1373 2508 1620 2575 οἴονται
1671 2508 2017 2577 κάλλιστα
2063 2515 2293 2589 ποιεῖν,
2338 2508 2398 2578 εἰ
2447 2509 2526 2592 δὴ
2578 2512 2763 2590 βαπ-

341 2613 625 2696 τίζοντες
668 2612 783 2680 τὸν
813 2610 993 2684 ὅπως
1025 2608 1191 2678 ποτὲ
1235 2611 1515 2694 ἐζηκότα
1559 2610 1673 2678 ἐπὶ
1716 2612 1837 2695 τὴν
1888 2617 2007 2679 τοῦ
2052 2612 2299 2701 κλήρου
2340 2614 2765 2701 λειτουργίαν
2792 2634 2878 2683 20

340 2714 720 2803 παράγοιεν,
770 2711 973 2799 μηδὲν
1010 2713 1258 2802 ’ἀρετῆς
1311 2713 1421 2780 καὶ
1467 2716 1586 2795 τῆς
1630 2713 1784 2802 περὶ
1828 2713 1950 2798 τὴν
1989 2711 2337 2795 εὐσέβειαν
2389 2715 2765 2799 ἐπιμελείας

340 2815 687 2905 γνώρισμα
730 2816 1182 2900 ἐπαγόμενονῆ
1277 2814 1385 2882 ἵνα
1426 2815 1556 2903 γὰρ
1601 2816 1931 2899 σιωπήσω
1977 2822 2095 2884 τοῦ
2138 2816 2611 2900 βαπτίσματος
2644 2817 2766 2898 τὴν

344 2921 582 2999 αἰτίαν,
627 2919 730 3007 ἐφ’
776 2918 818 3005 ᾖ
865 2919 1134 2997 δίδοται,
1178 2918 1346 3008 πρὸς
1387 2917 1471 3001 ἣν
1507 2919 1658 2987 οὐδὲ
1687 2918 1950 3010 ἀφορᾷν
1994 2918 2338 2987 ἐθέλουσιν
2382 2919 2448 2985 οἱ
2485 2919 2768 2986 πολλοί·

345 3026 549 3090 ἐκεῖνο
602 3027 762 3107 γοῦν
814 3022 1051 3091 εἰδέναι
1101 3021 1333 3094 αὐτοὺς
1385 3023 1604 3113 ἐχρῆν,
1659 3020 1766 3089 ὅτι
1816 3022 1851 3089 ὃ
1904 3022 2227 3110 μακάριος
2280 3024 2552 3094 Παῦλος
2610 3022 2769 3111 περὶ

344 3132 503 3216 βίου
547 3132 900 3218 νομοθετεῖ,
944 3132 1091 3201 καθ’
1137 3130 1215 3200 ὃν
1262 3132 1507 3217 νομίζει
1559 3131 1693 3198 δεῖν
1744 3130 2041 3214 ἐζηκέναι
2091 3131 2206 3199 τὸν
2256 3132 2647 3211 ἐπίσκοπον,
2692 3131 2765 3199 οὗ
2796 3150 2872 3219 25

345 3238 499 3326 περὶ
530 3236 1022 3325 συγχωρήσεως
1048 3234 1421 3319 διαλέγεται
1444 3239 1561 3318 τῆς
1587 3233 1748 3320 [διὰ]
1775 3235 2049 3325 χάριτος
2078 3236 2603 3323 προσγινομένης
2633 3240 2769 3309 τοῖς

342 3341 420 3408 τὸ
462 3342 826 3424 βάπτισμα
871 3340 1251 3426 εἰληφόσιν·
1320 3338 1379 3407 εἰ
1413 3339 1542 3427 γὰρ
1585 3338 1663 3421 δὴ
1712 3343 1903 3406 τοῦτο
1946 3339 2255 3435 γίνεσθαι
2296 3340 2502 3413 οὕτως
2544 3341 2770 3416 καλόν,

345 3442 622 3529 περιττὴ
660 3444 860 3507 πᾶσα
902 3440 942 3523 ἦ
991 3440 1348 3525 νομοθεσία
1390 3443 1506 3504 τοῦ
1551 3438 1851 3519 Παύλου,
1892 3439 2455 3527 συγχωρήσαντος
2500 3439 2611 3507 καὶ
2654 3441 2771 3521 τὸν

345 3542 708 3612 όπώσποτε
752 3542 1107 3624 βιώσαντα
1166 3544 1584 3624 βαπτίζοντα
1630 3542 1821 3614 εὐθὺς
1866 3542 1956 3614 εἰς
2002 3548 2251 3631 κλῆρον
2300 3543 2501 3626 ἄγειν.
2607 3542 2769 3633 ὅπερ

447 3710 474 3745 2
509 3694 856 3745 existimantur
889 3693 953 3760 νΙ
983 3709 1111 3760 quae
1136 3694 1249 3759 (sor
1267 3693 1404 3760 quia)
1436 3694 1558 3744 CH
1712 3692 1743 3745 6
1775 3694 1983 3755 nullam,
2012 3692 2327 3758 diligentiam
2352 3696 2419 3745 H
2584 3709 2611 3759 7
2646 3696 2771 3761 bap·

346 3776 497 3827 tisma
535 3774 620 3825 C*
855 3791 888 3843 9
930 3792 1018 3826 eos
1051 3777 1119 3825 H
1309 3792 1370 3827 10
1403 3776 1604 3826 ciuitate
1635 3776 1755 3826 CH
1812 3776 2052 3826 ciuilitate
2075 3791 2137 3824 r:
2171 3792 2243 3825 see
2263 3784 2375 3826 note
2571 3792 2624 3827 11
2664 3779 2772 3843 opi·

347 3864 532 3908 uantur
557 3856 602 3905 C
623 3852 770 3921 (corr)
1013 3872 1070 3920 13
1101 3857 1230 3906 sicut
1266 3858 1379 3921 (sor
1408 3857 1472 3917 si)
1512 3856 1685 3908 CUI
1694 3874 1727 3907 r
1754 3854 1763 3923 Ι
1790 3864 1866 3907 est
1901 3856 2016 3920 (for
2046 3859 2173 3919 esse)
2214 3856 2302 3907 C·
2368 3864 2443 3908 est
2476 3865 2531 3908 ut
2570 3860 2615 3909 C
2627 3860 2773 3923 (corr)

354 3953 410 4002 15
447 3938 702 4003 baptizare
725 3938 794 3987 H
984 3951 1043 4001 19
1074 3938 1406 4002 βαπτίζοντας
1434 3938 1518 3988 Cr.
1533 3955 1549 3999 3
1583 3944 1699 3999 txt„
1725 3939 1839 3989 cod.
1868 3938 1953 3988 Fr.
1980 3936 2117 4003 (who
2141 3938 2375 3989 however
2397 3947 2623 4005 suggests
2644 3945 2772 4006 βαπ-

346 4021 592 4083 τίσαντες)
760 4018 821 4070 26
857 4022 934 4070 διὰ
956 4037 1059 4071 om.
1084 4021 1196 4071 cod.
1227 4022 1340 4071 edd.
1375 4019 1385 4086 Ι
1416 4022 1763 4086 προγινομένης
1786 4024 1874 4073 Cr.
2042 4037 2105 4087 29
2136 4023 2475 4084 βαπτισθέντα
2500 4024 2583 4073 Fr.

416 4171 460 4225 7.
534 4158 767 4223 baptismi
783 4174 984 4208 causam
1006 4160 1078 4219 ob,
1096 4160 1210 4222 &c.]
1249 4160 1332 4209 On
1366 4160 1514 4211 Th.’s
1615 4161 1821 4211 distorts
1844 4162 1952 4212 into
1974 4161 2083 4213 “de
2105 4160 2398 4213 civilitate.’'
2458 4164 2569 4213 The
2595 4163 2716 4224 Gk„
2746 4166 2773 4217 1

349 4240 646 4291 doctrineof
657 4240 926 4305 baptismal
941 4258 1089 4306 grace
1105 4258 1188 4293 see
1204 4255 1241 4293 1.
1257 4242 1510 4309 p.1xxxiii,
1619 4242 1783 4303 think,
1822 4242 1989 4293 leaves
2032 4258 2099 4291 no
2142 4242 2303 4293 doubt
2348 4244 2459 4294 that
2500 4243 2701 4295 ciuitate
2733 4247 2777 4299 is

351 4324 452 4375 and
475 4324 632 4388 infra,
661 4339 712 4389 p.
748 4336 855 4387 107.
1615 4338 1649 4373 a
1682 4324 1969 4388 corruption
2003 4322 2062 4373 of
2080 4324 2188 4374 uita
2199 4343 2220 4383 ,·
2256 4340 2419 4391 comp.
2456 4342 2522 4376 an
2555 4327 2778 4380 instance

425 4420 500 4457 10.
569 4405 770 4469 deuita]
787 4406 898 4457 The
911 4406 1069 4458 MSS.
1085 4406 1199 4473 give
1215 4406 1301 4458 the
1317 4414 1518 4473 strange
1617 4405 1678 4456 of
1703 4406 1790 4457 the
1820 4406 2053 4472 opposite
2086 4424 2223 4459 error
2246 4408 2299 4459 in
2321 4409 2420 4460 vol.
2452 4420 2487 4460 1.
2516 4425 2565 4476 p.
2605 4410 2712 4469 116,
2738 4410 2771 4462 1.

355 4488 564 4553 reading
577 4488 638 4539 de
655 4487 872 4548 ciuitate,
891 4488 1056 4540 which
1075 4489 1314 4541 Rabanus
1330 4489 1519 4541 further
1621 4504 1651 4552 3
1676 4490 1776 4551 (vv.
1804 4489 1900 4552 11.).
