<?xml version="1.0" encoding="UTF-8"?>
<!DOCTYPE html PUBLIC "-//W3C//DTD XHTML 1.0 Transitional//EN"
    "http://www.w3.org/TR/xhtml1/DTD/xhtml1-transitional.dtd">
<html xmlns="http://www.w3.org/1999/xhtml" xml:lang="en" lang="en">
 <head>
  <title>
</title>
<meta http-equiv="Content-Type" content="text/html;charset=utf-8" />
  <meta name='ocr-system' content='tesseract 3.04.00' />
  <meta name='ocr-capabilities' content='ocr_page ocr_carea ocr_par ocr_line ocrx_word'/>
</head>
<body>
  <div class='ocr_page' id='page_1' title='image "./theodoriepiscop01swetgoog_0339.png"; bbox 0 0 3250 5025; ppageno 0'>
   <div class='ocr_carea' id='block_1_1' title="bbox 396 357 2758 440">
    <p class='ocr_par' dir='ltr' id='par_1_1' title="bbox 396 357 2758 440">
     <span class='ocr_line' id='line_1_1' title="bbox 396 357 2758 440; baseline 0.004 -27"><span class='ocrx_word' id='word_1_1' title='bbox 396 357 849 416; x_wconf 73' lang='lat' dir='ltr'>FRAGMENTS</span> <span class='ocrx_word' id='word_1_2' title='bbox 896 359 991 416; x_wconf 59' lang='grc' dir='ltr'>οι·</span> <span class='ocrx_word' id='word_1_3' title='bbox 1034 361 1191 416; x_wconf 76' lang='lat' dir='ltr'>THE</span> <span class='ocrx_word' id='word_1_4' title='bbox 1236 359 1632 417; x_wconf 68' lang='lat' dir='ltr'>DoGMAnc</span> <span class='ocrx_word' id='word_1_5' title='bbox 1674 359 1943 417; x_wconf 72' lang='lat' dir='ltr'>wonxs</span> <span class='ocrx_word' id='word_1_6' title='bbox 1990 361 2085 417; x_wconf 74' lang='lat' dir='ltr'>oF</span> <span class='ocrx_word' id='word_1_7' title='bbox 2130 361 2556 428; x_wconf 76' lang='lat' dir='ltr'>THEoDoRE.</span> <span class='ocrx_word' id='word_1_8' title='bbox 2629 367 2758 440; x_wconf 89' lang='lat'>327</span> 
     </span>
    </p>
   </div>
   <div class='ocr_carea' id='block_1_2' title="bbox 344 533 2758 616">
    <p class='ocr_par' dir='ltr' id='par_1_2' title="bbox 344 533 2758 616">
     <span class='ocr_line' id='line_1_2' title="bbox 344 533 2758 616; baseline 0.003 -23"><span class='ocrx_word' id='word_1_9' title='bbox 344 533 617 596; x_wconf 78' lang='lat' dir='ltr'>Christus</span> <span class='ocrx_word' id='word_1_10' title='bbox 655 537 959 599; x_wconf 80' lang='lat' dir='ltr'>secundum</span> <span class='ocrx_word' id='word_1_11' title='bbox 1006 557 1254 613; x_wconf 72' lang='lat' dir='ltr'>mntem,</span> <span class='ocrx_word' id='word_1_12' title='bbox 1299 539 1413 616; x_wconf 77' lang='lat' dir='ltr'>qui</span> <span class='ocrx_word' id='word_1_13' title='bbox 1442 546 1529 598; x_wconf 85' lang='lat' dir='ltr'>est</span> <span class='ocrx_word' id='word_1_14' title='bbox 1561 545 1734 616; x_wconf 68' lang='lat' dir='ltr'>supa·</span> <span class='ocrx_word' id='word_1_15' title='bbox 1765 539 1962 599; x_wconf 81' lang='lat' dir='ltr'>omnia</span> <span class='ocrx_word' id='word_1_16' title='bbox 1995 538 2211 599; x_wconf 77' lang='lat' dir='ltr'>Deus*</span> <span class='ocrx_word' id='word_1_17' title='bbox 2229 561 2253 609; x_wconf 89' lang='lat'>‚·</span> <span class='ocrx_word' id='word_1_18' title='bbox 2305 556 2430 600; x_wconf 90' lang='lat' dir='ltr'>non</span> <span class='ocrx_word' id='word_1_19' title='bbox 2473 538 2642 616; x_wconf 92' lang='lat' dir='ltr'>quod</span> <span class='ocrx_word' id='word_1_20' title='bbox 2684 557 2758 601; x_wconf 83' lang='lat' dir='ltr'>ex</span> 
     </span>
    </p>
   </div>
   <div class='ocr_carea' id='block_1_3' title="bbox 337 633 2780 714">
    <p class='ocr_par' dir='ltr' id='par_1_3' title="bbox 337 633 2780 714">
     <span class='ocr_line' id='line_1_3' title="bbox 337 633 2780 714; baseline 0.002 -21"><span class='ocrx_word' id='word_1_21' title='bbox 337 633 579 695; x_wconf 87' lang='lat' dir='ltr'>Iudaeis</span> <span class='ocrx_word' id='word_1_22' title='bbox 620 645 682 696; x_wconf 93' lang='lat' dir='ltr'>et</span> <span class='ocrx_word' id='word_1_23' title='bbox 722 637 1054 697; x_wconf 88' lang='lat' dir='ltr'>secundum</span> <span class='ocrx_word' id='word_1_24' title='bbox 1096 654 1339 696; x_wconf 86' lang='lat' dir='ltr'>carnem</span> <span class='ocrx_word' id='word_1_25' title='bbox 1380 645 1487 710; x_wconf 87' lang='lat' dir='ltr'>est,</span> <span class='ocrx_word' id='word_1_26' title='bbox 1523 635 1630 712; x_wconf 92' lang='lat' dir='ltr'>qui</span> <span class='ocrx_word' id='word_1_27' title='bbox 1672 653 1852 714; x_wconf 90' lang='lat' dir='ltr'>super</span> <span class='ocrx_word' id='word_1_28' title='bbox 1890 635 2094 712; x_wconf 84' lang='lat' dir='ltr'>omnia</span> <span class='ocrx_word' id='word_1_29' title='bbox 2135 637 2304 698; x_wconf 89' lang='lat' dir='ltr'>Deus</span> <span class='ocrx_word' id='word_1_30' title='bbox 2345 646 2454 711; x_wconf 91' lang='lat' dir='ltr'>est,</span> <span class='ocrx_word' id='word_1_31' title='bbox 2489 637 2599 697; x_wconf 91' lang='lat' dir='ltr'>sed</span> <span class='ocrx_word' id='word_1_32' title='bbox 2639 636 2780 710; x_wconf 63' lang='lat' dir='ltr'>hoe,</span> 
     </span>
    </p>
   </div>
   <div class='ocr_carea' id='block_1_4' title="bbox 334 731 2758 1006">
    <p class='ocr_par' dir='ltr' id='par_1_4' title="bbox 334 731 2758 1006">
     <span class='ocr_line' id='line_1_4' title="bbox 335 731 2758 813; baseline 0.001 -21"><span class='ocrx_word' id='word_1_33' title='bbox 335 733 583 809; x_wconf 89' lang='lat' dir='ltr'>quidem</span> <span class='ocrx_word' id='word_1_34' title='bbox 620 735 700 796; x_wconf 90' lang='lat' dir='ltr'>ad</span> <span class='ocrx_word' id='word_1_35' title='bbox 737 735 1191 813; x_wconf 85' lang='lat' dir='ltr'>significandam</span> <span class='ocrx_word' id='word_1_36' title='bbox 1231 736 1559 795; x_wconf 88' lang='lat' dir='ltr'>humanam</span> <span class='ocrx_word' id='word_1_37' title='bbox 1600 745 1874 795; x_wconf 88' lang='lat' dir='ltr'>naturam</span> <span class='ocrx_word' id='word_1_38' title='bbox 1911 732 2078 808; x_wconf 85' lang='lat' dir='ltr'><strong>dixit,</strong></span> <span class='ocrx_word' id='word_1_39' title='bbox 2109 754 2292 812; x_wconf 89' lang='lat' dir='ltr'>quam</span> <span class='ocrx_word' id='word_1_40' title='bbox 2319 735 2396 795; x_wconf 88' lang='lat' dir='ltr'>ab</span> <span class='ocrx_word' id='word_1_41' title='bbox 2428 731 2758 795; x_wconf 86' lang='lat' dir='ltr'>Israelitico</span> 
     </span>
     <span class='ocr_line' id='line_1_5' title="bbox 334 831 2757 910; baseline 0 -19"><span class='ocrx_word' id='word_1_42' title='bbox 334 849 552 907; x_wconf 87' lang='lat' dir='ltr'>genere</span> <span class='ocrx_word' id='word_1_43' title='bbox 573 851 706 894; x_wconf 89' lang='lat' dir='ltr'>esse</span> <span class='ocrx_word' id='word_1_44' title='bbox 726 832 951 895; x_wconf 85' lang='lat' dir='ltr'>sciebat</span> <span class='ocrx_word' id='word_1_45' title='bbox 962 857 978 908; x_wconf 83' lang='lat'>3</span> <span class='ocrx_word' id='word_1_46' title='bbox 1011 831 1160 895; x_wconf 90' lang='lat' dir='ltr'>illud</span> <span class='ocrx_word' id='word_1_47' title='bbox 1180 844 1382 894; x_wconf 91' lang='lat' dir='ltr'>autem</span> <span class='ocrx_word' id='word_1_48' title='bbox 1404 832 1482 892; x_wconf 90' lang='lat' dir='ltr'>ad</span> <span class='ocrx_word' id='word_1_49' title='bbox 1501 833 1940 892; x_wconf 88' lang='lat' dir='ltr'>ostendendam</span> <span class='ocrx_word' id='word_1_50' title='bbox 1964 831 2234 893; x_wconf 86' lang='lat' dir='ltr'>diuinam</span> <span class='ocrx_word' id='word_1_51' title='bbox 2253 844 2542 910; x_wconf 86' lang='lat' dir='ltr'>naturam,</span> <span class='ocrx_word' id='word_1_52' title='bbox 2573 852 2757 910; x_wconf 86' lang='lat' dir='ltr'>quam</span> 
     </span>
     <span class='ocr_line' id='line_1_6' title="bbox 334 928 1858 1006; baseline 0.002 -17"><span class='ocrx_word' id='word_1_53' title='bbox 334 947 513 1006; x_wconf 88' lang='lat' dir='ltr'>supra</span> <span class='ocrx_word' id='word_1_54' title='bbox 539 929 745 992; x_wconf 89' lang='lat' dir='ltr'>omnia</span> <span class='ocrx_word' id='word_1_55' title='bbox 771 941 833 991; x_wconf 90' lang='lat' dir='ltr'>et</span> <span class='ocrx_word' id='word_1_56' title='bbox 860 929 1141 992; x_wconf 89' lang='lat' dir='ltr'>omnibus</span> <span class='ocrx_word' id='word_1_57' title='bbox 1173 929 1585 991; x_wconf 86' lang='lat' dir='ltr'>dominantem</span> <span class='ocrx_word' id='word_1_58' title='bbox 1614 928 1858 992; x_wconf 83' lang='lat' dir='ltr'>sciebat.</span> 
     </span>
    </p>
   </div>
   <div class='ocr_carea' id='block_1_5' title="bbox 335 1119 2756 1402">
    <p class='ocr_par' dir='ltr' id='par_1_5' title="bbox 335 1119 2756 1402">
     <span class='ocr_line' id='line_1_7' title="bbox 335 1119 2756 1205; baseline 0.002 -21"><span class='ocrx_word' id='word_1_59' title='bbox 335 1119 493 1205; x_wconf 88' lang='lat' dir='ltr'>[Act.</span> <span class='ocrx_word' id='word_1_60' title='bbox 540 1123 728 1186; x_wconf 85' lang='lat' dir='ltr'>Cone.</span> <span class='ocrx_word' id='word_1_61' title='bbox 774 1125 896 1186; x_wconf 92' lang='lat' dir='ltr'>CP.</span> <span class='ocrx_word' id='word_1_62' title='bbox 943 1123 1001 1185; x_wconf 86' lang='lat' dir='ltr'>ii.</span> <span class='ocrx_word' id='word_1_63' title='bbox 1051 1141 1125 1184; x_wconf 78' lang='grc' dir='ltr'>ιν.</span> <span class='ocrx_word' id='word_1_64' title='bbox 1168 1143 1240 1202; x_wconf 82' lang='lat'>31</span> <span class='ocrx_word' id='word_1_65' title='bbox 1295 1125 1359 1204; x_wconf 90' lang='lat'>(“</span> <span class='ocrx_word' id='word_1_66' title='bbox 1376 1124 1647 1186; x_wconf 89' lang='lat' dir='ltr'>eiusdem</span> <span class='ocrx_word' id='word_1_67' title='bbox 1692 1125 1772 1186; x_wconf 90' lang='lat' dir='ltr'>de</span> <span class='ocrx_word' id='word_1_68' title='bbox 1813 1123 2303 1202; x_wconf 83' lang='lat' dir='ltr'>interpretatione</span> <span class='ocrx_word' id='word_1_69' title='bbox 2345 1123 2604 1202; x_wconf 79' lang='lat' dir='ltr'>symboli</span> <span class='ocrx_word' id='word_1_70' title='bbox 2643 1135 2756 1188; x_wconf 85' lang='lat' dir='ltr'>tre-</span> 
     </span>
     <span class='ocr_line' id='line_1_8' title="bbox 497 1221 2752 1306; baseline 0.001 -23"><span class='ocrx_word' id='word_1_71' title='bbox 497 1232 810 1284; x_wconf 88' lang='lat' dir='ltr'>centorum</span> <span class='ocrx_word' id='word_1_72' title='bbox 871 1225 1086 1284; x_wconf 89' lang='lat' dir='ltr'>decem</span> <span class='ocrx_word' id='word_1_73' title='bbox 1144 1233 1207 1284; x_wconf 92' lang='lat' dir='ltr'>et</span> <span class='ocrx_word' id='word_1_74' title='bbox 1270 1235 1413 1286; x_wconf 91' lang='lat' dir='ltr'>octo</span> <span class='ocrx_word' id='word_1_75' title='bbox 1474 1235 1821 1285; x_wconf 84' lang='lat' dir='ltr'>sanctorum</span> <span class='ocrx_word' id='word_1_76' title='bbox 1881 1222 2204 1303; x_wconf 86' lang='lat' dir='ltr'>patrum’&#39;).</span> <span class='ocrx_word' id='word_1_77' title='bbox 2305 1221 2436 1302; x_wconf 89' lang='lat' dir='ltr'>Vig.</span> <span class='ocrx_word' id='word_1_78' title='bbox 2485 1243 2558 1301; x_wconf 85' lang='lat'>31</span> <span class='ocrx_word' id='word_1_79' title='bbox 2608 1222 2752 1306; x_wconf 89' lang='lat' dir='ltr'>(“in</span> 
     </span>
     <span class='ocr_line' id='line_1_9' title="bbox 494 1318 2597 1402; baseline -0 -22"><span class='ocrx_word' id='word_1_80' title='bbox 494 1319 869 1398; x_wconf 83' lang='lat' dir='ltr'>expositione</span> <span class='ocrx_word' id='word_1_81' title='bbox 897 1339 1054 1398; x_wconf 89' lang='lat' dir='ltr'>quae</span> <span class='ocrx_word' id='word_1_82' title='bbox 1081 1323 1161 1383; x_wconf 90' lang='lat' dir='ltr'>de</span> <span class='ocrx_word' id='word_1_83' title='bbox 1188 1323 1464 1400; x_wconf 90' lang='lat' dir='ltr'>symbolo</span> <span class='ocrx_word' id='word_1_84' title='bbox 1492 1337 1772 1382; x_wconf 86' lang='lat' dir='ltr'>cccxvm</span> <span class='ocrx_word' id='word_1_85' title='bbox 1800 1332 2042 1399; x_wconf 88' lang='lat' dir='ltr'>patrum</span> <span class='ocrx_word' id='word_1_86' title='bbox 2069 1322 2229 1382; x_wconf 85' lang='lat' dir='ltr'>facta</span> <span class='ocrx_word' id='word_1_87' title='bbox 2253 1318 2597 1402; x_wconf 87' lang='lat' dir='ltr'>uidetur”)].</span> 
     </span>
    </p>
   </div>
   <div class='ocr_carea' id='block_1_6' title="bbox 453 1467 2754 1548">
    <p class='ocr_par' dir='ltr' id='par_1_6' title="bbox 453 1467 2754 1548">
     <span class='ocr_line' id='line_1_10' title="bbox 453 1467 2754 1548; baseline 0 -19"><span class='ocrx_word' id='word_1_88' title='bbox 453 1469 575 1530; x_wconf 88' lang='lat' dir='ltr'>Sed</span> <span class='ocrx_word' id='word_1_89' title='bbox 626 1474 641 1503; x_wconf 93' lang='lat'>‘</span> <span class='ocrx_word' id='word_1_90' title='bbox 660 1467 967 1531; x_wconf 85' lang='lat' dir='ltr'>Christum</span> <span class='ocrx_word' id='word_1_91' title='bbox 988 1472 1002 1500; x_wconf 85' lang='lat'>’</span> <span class='ocrx_word' id='word_1_92' title='bbox 1046 1469 1293 1548; x_wconf 90' lang='lat' dir='ltr'>quidem</span> <span class='ocrx_word' id='word_1_93' title='bbox 1346 1471 1682 1532; x_wconf 88' lang='lat' dir='ltr'>secundum</span> <span class='ocrx_word' id='word_1_94' title='bbox 1731 1489 1975 1531; x_wconf 79' lang='lat' dir='ltr'>carnem</span> <span class='ocrx_word' id='word_1_95' title='bbox 2040 1478 2102 1531; x_wconf 92' lang='lat' dir='ltr'>et</span> <span class='ocrx_word' id='word_1_96' title='bbox 2155 1469 2540 1547; x_wconf 86' lang='lat' dir='ltr'>adsumptam</span> <span class='ocrx_word' id='word_1_97' title='bbox 2597 1467 2754 1530; x_wconf 88' lang='lat' dir='ltr'>serui</span> 
     </span>
    </p>
   </div>
   <div class='ocr_carea' id='block_1_7' title="bbox 330 1565 2856 1646">
    <p class='ocr_par' dir='ltr' id='par_1_7' title="bbox 330 1565 2856 1646">
     <span class='ocr_line' id='line_1_11' title="bbox 330 1565 2856 1646; baseline -0 -21"><span class='ocrx_word' id='word_1_98' title='bbox 330 1567 600 1643; x_wconf 84' lang='lat' dir='ltr'>sormam,</span> <span class='ocrx_word' id='word_1_99' title='bbox 658 1587 798 1628; x_wconf 91' lang='lat' dir='ltr'>eum</span> <span class='ocrx_word' id='word_1_100' title='bbox 866 1578 1067 1629; x_wconf 86' lang='lat' dir='ltr'>autem</span> <span class='ocrx_word' id='word_1_101' title='bbox 1136 1567 1241 1646; x_wconf 84' lang='lat' dir='ltr'>qui</span> <span class='ocrx_word' id='word_1_102' title='bbox 1296 1587 1431 1630; x_wconf 94' lang='lat' dir='ltr'>eam</span> <span class='ocrx_word' id='word_1_103' title='bbox 1484 1567 1820 1646; x_wconf 85' lang='lat' dir='ltr'>adsumpsit</span> <span class='ocrx_word' id='word_1_104' title='bbox 1880 1571 1894 1600; x_wconf 95' lang='lat'>‘</span> <span class='ocrx_word' id='word_1_105' title='bbox 1912 1587 2092 1646; x_wconf 90' lang='lat' dir='ltr'>super</span> <span class='ocrx_word' id='word_1_106' title='bbox 2144 1567 2350 1629; x_wconf 85' lang='lat' dir='ltr'>omnia</span> <span class='ocrx_word' id='word_1_107' title='bbox 2364 1568 2379 1596; x_wconf 91' lang='lat'>&#39;</span> <span class='ocrx_word' id='word_1_108' title='bbox 2434 1565 2754 1630; x_wconf 85' lang='lat' dir='ltr'>nominans</span> <span class='ocrx_word' id='word_1_109' title='bbox 2851 1619 2856 1624; x_wconf 83' lang='grc'><strong>.</strong></span> 
     </span>
    </p>
   </div>
   <div class='ocr_carea' id='block_1_8' title="bbox 330 1663 2755 1841">
    <p class='ocr_par' dir='ltr' id='par_1_8' title="bbox 330 1663 2755 1841">
     <span class='ocr_line' id='line_1_12' title="bbox 334 1663 2752 1744; baseline 0.001 -18"><span class='ocrx_word' id='word_1_110' title='bbox 334 1669 351 1698; x_wconf 89' lang='lat'>‘</span> <span class='ocrx_word' id='word_1_111' title='bbox 370 1667 606 1741; x_wconf 88' lang='lat' dir='ltr'>Deum‚’</span> <span class='ocrx_word' id='word_1_112' title='bbox 643 1666 845 1729; x_wconf 88' lang='lat' dir='ltr'>intulit</span> <span class='ocrx_word' id='word_1_113' title='bbox 878 1677 1081 1728; x_wconf 89' lang='lat' dir='ltr'>tamen</span> <span class='ocrx_word' id='word_1_114' title='bbox 1116 1668 1235 1728; x_wconf 92' lang='lat' dir='ltr'>hoc</span> <span class='ocrx_word' id='word_1_115' title='bbox 1272 1668 1604 1728; x_wconf 90' lang='lat' dir='ltr'>secundum</span> <span class='ocrx_word' id='word_1_116' title='bbox 1643 1664 2170 1740; x_wconf 82' lang='lat' dir='ltr'>coniunctionem3</span> <span class='ocrx_word' id='word_1_117' title='bbox 2213 1676 2281 1726; x_wconf 90' lang='lat' dir='ltr'>ut</span> <span class='ocrx_word' id='word_1_118' title='bbox 2311 1684 2421 1743; x_wconf 92' lang='lat' dir='ltr'>per</span> <span class='ocrx_word' id='word_1_119' title='bbox 2461 1663 2752 1744; x_wconf 82' lang='lat' dir='ltr'>significa-</span> 
     </span>
     <span class='ocr_line' id='line_1_13' title="bbox 330 1761 2755 1841; baseline 0 -17"><span class='ocrx_word' id='word_1_120' title='bbox 330 1761 556 1825; x_wconf 89' lang='lat' dir='ltr'>tionem</span> <span class='ocrx_word' id='word_1_121' title='bbox 585 1765 900 1826; x_wconf 85' lang='lat' dir='ltr'>nominum</span> <span class='ocrx_word' id='word_1_122' title='bbox 929 1775 1269 1826; x_wconf 86' lang='lat' dir='ltr'>naturarum</span> <span class='ocrx_word' id='word_1_123' title='bbox 1297 1764 1674 1824; x_wconf 85' lang='lat' dir='ltr'>manifestam</span> <span class='ocrx_word' id='word_1_124' title='bbox 1702 1761 2063 1825; x_wconf 89' lang='lat' dir='ltr'>diuisionem</span> <span class='ocrx_word' id='word_1_125' title='bbox 2090 1761 2284 1823; x_wconf 84' lang='lat' dir='ltr'>faciat.</span> <span class='ocrx_word' id='word_1_126' title='bbox 2369 1780 2550 1824; x_wconf 89' lang='lat' dir='ltr'>nemo</span> <span class='ocrx_word' id='word_1_127' title='bbox 2578 1761 2755 1841; x_wconf 82' lang='lat' dir='ltr'>igitur</span> 
     </span>
    </p>
   </div>
   <div class='ocr_carea' id='block_1_9' title="bbox 330 1859 2855 2039">
    <p class='ocr_par' dir='ltr' id='par_1_9' title="bbox 330 1859 2855 2039">
     <span class='ocr_line' id='line_1_14' title="bbox 333 1859 2855 1946; baseline 0 -25"><span class='ocrx_word' id='word_1_128' title='bbox 333 1881 529 1939; x_wconf 89' lang='lat' dir='ltr'>neque</span> <span class='ocrx_word' id='word_1_129' title='bbox 585 1881 726 1923; x_wconf 91' lang='lat' dir='ltr'>eum</span> <span class='ocrx_word' id='word_1_130' title='bbox 780 1862 883 1940; x_wconf 90' lang='lat' dir='ltr'>qui</span> <span class='ocrx_word' id='word_1_131' title='bbox 938 1864 1273 1923; x_wconf 89' lang='lat' dir='ltr'>secundum</span> <span class='ocrx_word' id='word_1_132' title='bbox 1327 1881 1569 1923; x_wconf 87' lang='lat' dir='ltr'>carnem</span> <span class='ocrx_word' id='word_1_133' title='bbox 1611 1882 1688 1922; x_wconf 82' lang='lat' dir='ltr'>ex</span> <span class='ocrx_word' id='word_1_134' title='bbox 1742 1861 1986 1922; x_wconf 87' lang='lat' dir='ltr'>Iudaeis</span> <span class='ocrx_word' id='word_1_135' title='bbox 2027 1872 2119 1922; x_wconf 92' lang='lat' dir='ltr'>est</span> <span class='ocrx_word' id='word_1_136' title='bbox 2160 1859 2324 1922; x_wconf 89' lang='lat' dir='ltr'>dicat</span> <span class='ocrx_word' id='word_1_137' title='bbox 2367 1861 2588 1934; x_wconf 90' lang='lat' dir='ltr'>Deum,</span> <span class='ocrx_word' id='word_1_138' title='bbox 2636 1879 2752 1922; x_wconf 89' lang='lat' dir='ltr'>nec</span> <span class='ocrx_word' id='word_1_139' title='bbox 2780 1903 2855 1946; x_wconf 88' lang='lat'>10</span> 
     </span>
     <span class='ocr_line' id='line_1_15' title="bbox 330 1956 2558 2039; baseline 0 -20"><span class='ocrx_word' id='word_1_140' title='bbox 330 1957 543 2020; x_wconf 89' lang='lat' dir='ltr'>iterum</span> <span class='ocrx_word' id='word_1_141' title='bbox 575 1966 592 1995; x_wconf 88' lang='lat'>‘</span> <span class='ocrx_word' id='word_1_142' title='bbox 612 1963 812 2022; x_wconf 91' lang='lat' dir='ltr'>Deum</span> <span class='ocrx_word' id='word_1_143' title='bbox 842 1959 948 2039; x_wconf 89' lang='lat' dir='ltr'>qui</span> <span class='ocrx_word' id='word_1_144' title='bbox 974 1971 1066 2022; x_wconf 89' lang='lat' dir='ltr'>est</span> <span class='ocrx_word' id='word_1_145' title='bbox 1092 1979 1273 2039; x_wconf 90' lang='lat' dir='ltr'>super</span> <span class='ocrx_word' id='word_1_146' title='bbox 1298 1960 1534 2020; x_wconf 88' lang='lat' dir='ltr'>omnia’</span> <span class='ocrx_word' id='word_1_147' title='bbox 1562 1959 1896 2020; x_wconf 89' lang='lat' dir='ltr'>secundum</span> <span class='ocrx_word' id='word_1_148' title='bbox 1923 1977 2168 2019; x_wconf 87' lang='lat' dir='ltr'>carnem</span> <span class='ocrx_word' id='word_1_149' title='bbox 2195 1977 2270 2018; x_wconf 82' lang='lat' dir='ltr'>ex</span> <span class='ocrx_word' id='word_1_150' title='bbox 2297 1956 2558 2020; x_wconf 77' lang='lat' dir='ltr'>Iudaeis·</span> 
     </span>
    </p>
   </div>
   <div class='ocr_carea' id='block_1_10' title="bbox 804 2089 1363 2155">
    <p class='ocr_par' dir='ltr' id='par_1_10' title="bbox 804 2089 1363 2155">
     <span class='ocr_line' id='line_1_16' title="bbox 804 2089 1363 2155; baseline 0 -15"><span class='ocrx_word' id='word_1_151' title='bbox 804 2089 1363 2155; x_wconf 72' lang='lat' dir='ltr'>8utpersign00mC</span> 
     </span>
    </p>
   </div>
   <div class='ocr_carea' id='block_1_11' title="bbox 1623 2088 2271 2148">
    <p class='ocr_par' dir='ltr' id='par_1_11' title="bbox 1623 2088 2271 2148">
     <span class='ocr_line' id='line_1_17' title="bbox 1623 2088 2271 2148; baseline 0 -9"><span class='ocrx_word' id='word_1_152' title='bbox 1623 2104 1684 2139; x_wconf 86' lang='lat'>10</span> <span class='ocrx_word' id='word_1_153' title='bbox 1716 2104 1810 2148; x_wconf 76' lang='lat' dir='ltr'>nee</span> <span class='ocrx_word' id='word_1_154' title='bbox 1831 2088 1887 2138; x_wconf 88' lang='lat' dir='ltr'>it.</span> <span class='ocrx_word' id='word_1_155' title='bbox 1913 2088 2082 2138; x_wconf 85' lang='lat' dir='ltr'>Deum</span> <span class='ocrx_word' id='word_1_156' title='bbox 2104 2105 2183 2140; x_wconf 85' lang='lat' dir='ltr'>om</span> <span class='ocrx_word' id='word_1_157' title='bbox 2217 2089 2271 2139; x_wconf 79' lang='lat' dir='ltr'><em>V</em></span> 
     </span>
    </p>
   </div>
   <div class='ocr_carea' id='block_1_12' title="bbox 1348 2205 1790 2215">
    <p class='ocr_par' dir='ltr' id='par_1_12' title="bbox 1348 2205 1790 2215">
     <span class='ocr_line' id='line_1_18' title="bbox 1348 2205 1790 2215; baseline 0 2810"><span class='ocrx_word' id='word_1_158' title='bbox 1348 2205 1790 2215; x_wconf 95' lang='lat' dir='ltr'> </span> 
     </span>
    </p>
   </div>
   <div class='ocr_carea' id='block_1_13' title="bbox 333 2267 2754 2654">
    <p class='ocr_par' dir='ltr' id='par_1_13' title="bbox 333 2267 2754 2654">
     <span class='ocr_line' id='line_1_19' title="bbox 333 2267 2754 2354; baseline 0 -20"><span class='ocrx_word' id='word_1_159' title='bbox 333 2267 498 2352; x_wconf 81' lang='lat' dir='ltr'><em>[Gr.,</em></span> <span class='ocrx_word' id='word_1_160' title='bbox 526 2281 616 2350; x_wconf 80' lang='lat' dir='ltr'>ap.</span> <span class='ocrx_word' id='word_1_161' title='bbox 649 2274 781 2334; x_wconf 86' lang='lat' dir='ltr'>Act.</span> <span class='ocrx_word' id='word_1_162' title='bbox 816 2275 1004 2335; x_wconf 82' lang='lat' dir='ltr'>Conc-</span> <span class='ocrx_word' id='word_1_163' title='bbox 1040 2275 1195 2352; x_wconf 87' lang='lat' dir='ltr'>Eph.</span> <span class='ocrx_word' id='word_1_164' title='bbox 1230 2291 1309 2334; x_wconf 79' lang='lat' dir='ltr'>vl.</span> <span class='ocrx_word' id='word_1_165' title='bbox 1344 2273 1475 2334; x_wconf 78' lang='grc' dir='ltr'>ἴσον</span> <span class='ocrx_word' id='word_1_166' title='bbox 1501 2278 1604 2349; x_wconf 84' lang='grc' dir='ltr'>τῆς</span> <span class='ocrx_word' id='word_1_167' title='bbox 1632 2271 1908 2337; x_wconf 75' lang='grc' dir='ltr'>ἐκθέσεως</span> <span class='ocrx_word' id='word_1_168' title='bbox 1932 2275 2034 2333; x_wconf 77' lang='grc' dir='ltr'>τοῦ</span> <span class='ocrx_word' id='word_1_169' title='bbox 2059 2272 2578 2350; x_wconf 85' lang='grc' dir='ltr'>παραπλασθέντος</span> <span class='ocrx_word' id='word_1_170' title='bbox 2610 2297 2754 2354; x_wconf 78' lang='grc' dir='ltr'>συμ·</span> 
     </span>
     <span class='ocr_line' id='line_1_20' title="bbox 492 2367 2751 2454; baseline 0.002 -25"><span class='ocrx_word' id='word_1_171' title='bbox 492 2367 696 2448; x_wconf 77' lang='grc' dir='ltr'>βόλον.</span> <span class='ocrx_word' id='word_1_172' title='bbox 776 2373 935 2446; x_wconf 66' lang='lat' dir='ltr'>Lat„</span> <span class='ocrx_word' id='word_1_173' title='bbox 962 2381 1055 2450; x_wconf 84' lang='lat' dir='ltr'>ap.</span> <span class='ocrx_word' id='word_1_174' title='bbox 1091 2373 1242 2431; x_wconf 90' lang='lat' dir='ltr'>Mar.</span> <span class='ocrx_word' id='word_1_175' title='bbox 1278 2374 1462 2434; x_wconf 85' lang='lat' dir='ltr'>Merc.</span> <span class='ocrx_word' id='word_1_176' title='bbox 1499 2370 1870 2452; x_wconf 86' lang='lat' dir='ltr'>(“expositio</span> <span class='ocrx_word' id='word_1_177' title='bbox 1906 2389 2126 2450; x_wconf 89' lang='lat' dir='ltr'>prauae</span> <span class='ocrx_word' id='word_1_178' title='bbox 2167 2369 2308 2432; x_wconf 88' lang='lat' dir='ltr'>fidei</span> <span class='ocrx_word' id='word_1_179' title='bbox 2344 2371 2719 2454; x_wconf 86' lang='lat' dir='ltr'>Theodori”)</span> <span class='ocrx_word' id='word_1_180' title='bbox 2730 2393 2751 2450; x_wconf 81' lang='lat'>3</span> 
     </span>
     <span class='ocr_line' id='line_1_21' title="bbox 493 2467 2752 2553; baseline 0.001 -22"><span class='ocrx_word' id='word_1_181' title='bbox 493 2472 563 2531; x_wconf 84' lang='lat' dir='ltr'>ef.</span> <span class='ocrx_word' id='word_1_182' title='bbox 592 2473 723 2532; x_wconf 88' lang='lat' dir='ltr'>Act.</span> <span class='ocrx_word' id='word_1_183' title='bbox 754 2471 939 2533; x_wconf 90' lang='lat' dir='ltr'>Cone.</span> <span class='ocrx_word' id='word_1_184' title='bbox 968 2471 1252 2533; x_wconf 90' lang='lat' dir='ltr'>Chalced.</span> <span class='ocrx_word' id='word_1_185' title='bbox 1278 2489 1317 2533; x_wconf 93' lang='lat'>1.</span> <span class='ocrx_word' id='word_1_186' title='bbox 1334 2491 1353 2546; x_wconf 79' lang='lat'><em>3</em></span> <span class='ocrx_word' id='word_1_187' title='bbox 1395 2473 1527 2531; x_wconf 89' lang='lat' dir='ltr'>Act.</span> <span class='ocrx_word' id='word_1_188' title='bbox 1563 2471 1752 2532; x_wconf 90' lang='lat' dir='ltr'>Cone.</span> <span class='ocrx_word' id='word_1_189' title='bbox 1789 2471 1908 2533; x_wconf 91' lang='lat' dir='ltr'>CP.</span> <span class='ocrx_word' id='word_1_190' title='bbox 1941 2467 1996 2530; x_wconf 90' lang='lat' dir='ltr'>ii.</span> <span class='ocrx_word' id='word_1_191' title='bbox 2033 2487 2109 2530; x_wconf 81' lang='grc' dir='ltr'>ιν.</span> <span class='ocrx_word' id='word_1_192' title='bbox 2146 2468 2570 2552; x_wconf 89' lang='lat' dir='ltr'>(“sceleratum</span> <span class='ocrx_word' id='word_1_193' title='bbox 2598 2491 2752 2553; x_wconf 83' lang='lat' dir='ltr'>sym-</span> 
     </span>
     <span class='ocr_line' id='line_1_22' title="bbox 490 2568 2728 2654; baseline 0 -24"><span class='ocrx_word' id='word_1_194' title='bbox 490 2570 700 2631; x_wconf 90' lang='lat' dir='ltr'>bolum</span> <span class='ocrx_word' id='word_1_195' title='bbox 726 2568 896 2648; x_wconf 87' lang='lat' dir='ltr'>impii</span> <span class='ocrx_word' id='word_1_196' title='bbox 922 2570 1233 2631; x_wconf 89' lang='lat' dir='ltr'>Theodori</span> <span class='ocrx_word' id='word_1_197' title='bbox 1246 2568 1322 2649; x_wconf 89' lang='lat'>&#39;&#39;).</span> <span class='ocrx_word' id='word_1_198' title='bbox 1410 2572 1498 2634; x_wconf 74' lang='lat' dir='ltr'>Cfi</span> <span class='ocrx_word' id='word_1_199' title='bbox 1535 2569 1821 2648; x_wconf 86' lang='lat' dir='ltr'>Lagarde‚</span> <span class='ocrx_word' id='word_1_200' title='bbox 1851 2588 1908 2647; x_wconf 92' lang='lat' dir='ltr'>p.</span> <span class='ocrx_word' id='word_1_201' title='bbox 1948 2571 2059 2629; x_wconf 89' lang='lat'>106</span> <span class='ocrx_word' id='word_1_202' title='bbox 2090 2588 2178 2648; x_wconf 88' lang='lat' dir='ltr'>sq.</span> <span class='ocrx_word' id='word_1_203' title='bbox 2185 2614 2202 2643; x_wconf 90' lang='lat'>,</span> <span class='ocrx_word' id='word_1_204' title='bbox 2229 2570 2483 2645; x_wconf 84' lang='lat' dir='ltr'>Sachau,</span> <span class='ocrx_word' id='word_1_205' title='bbox 2513 2590 2570 2649; x_wconf 91' lang='lat' dir='ltr'>p.</span> <span class='ocrx_word' id='word_1_206' title='bbox 2606 2569 2728 2654; x_wconf 91' lang='lat'><strong>60].</strong></span> 
     </span>
    </p>
   </div>
   <div class='ocr_carea' id='block_1_14' title="bbox 223 2716 1489 4463">
    <p class='ocr_par' dir='ltr' id='par_1_14' title="bbox 409 2716 1489 2798">
     <span class='ocr_line' id='line_1_23' title="bbox 409 2716 1489 2798; baseline 0.005 -21"><span class='ocrx_word' id='word_1_207' title='bbox 409 2716 553 2781; x_wconf 76' lang='grc' dir='ltr'>Τοῦς</span> <span class='ocrx_word' id='word_1_208' title='bbox 590 2716 629 2796; x_wconf 85' lang='grc' dir='ltr'>ἢ</span> <span class='ocrx_word' id='word_1_209' title='bbox 670 2722 768 2780; x_wconf 78' lang='grc' dir='ltr'>νῦν</span> <span class='ocrx_word' id='word_1_210' title='bbox 806 2721 1029 2797; x_wconf 67' lang='grc' dir='ltr'>πρῶτον</span> <span class='ocrx_word' id='word_1_211' title='bbox 1059 2718 1489 2798; x_wconf 76' lang='grc' dir='ltr'>παιδευομένους</span> 
     </span>
    </p>

    <p class='ocr_par' dir='ltr' id='par_1_15' title="bbox 326 2824 1489 3115">
     <span class='ocr_line' id='line_1_24' title="bbox 326 2824 1489 2909; baseline 0.003 -25"><span class='ocrx_word' id='word_1_212' title='bbox 326 2827 436 2885; x_wconf 73' lang='grc' dir='ltr'>τῶν</span> <span class='ocrx_word' id='word_1_213' title='bbox 502 2828 985 2902; x_wconf 70' lang='grc' dir='ltr'>ἐκκλησιαστικῶν</span> <span class='ocrx_word' id='word_1_214' title='bbox 1037 2824 1331 2909; x_wconf 78' lang='grc' dir='ltr'>δογμάτων</span> <span class='ocrx_word' id='word_1_215' title='bbox 1383 2824 1489 2903; x_wconf 70' lang='grc' dir='ltr'>τῆν</span> 
     </span>
     <span class='ocr_line' id='line_1_25' title="bbox 326 2928 1489 3010; baseline 0 -21"><span class='ocrx_word' id='word_1_216' title='bbox 326 2928 641 3007; x_wconf 75' lang='grc' dir='ltr'>ἀκρίβειαν,</span> <span class='ocrx_word' id='word_1_217' title='bbox 657 2928 695 3007; x_wconf 80' lang='grc' dir='ltr'><strong><em>ἢ</em></strong></span> <span class='ocrx_word' id='word_1_218' title='bbox 720 2932 779 2990; x_wconf 83' lang='grc' dir='ltr'>ἔκ</span> <span class='ocrx_word' id='word_1_219' title='bbox 798 2955 948 2994; x_wconf 87' lang='grc' dir='ltr'>τινος</span> <span class='ocrx_word' id='word_1_220' title='bbox 967 2932 1247 3010; x_wconf 78' lang='grc' dir='ltr'>αἱρετικῆς</span> <span class='ocrx_word' id='word_1_221' title='bbox 1266 2930 1489 3007; x_wconf 74' lang='grc' dir='ltr'>πλάνης</span> 
     </span>
     <span class='ocr_line' id='line_1_26' title="bbox 326 3035 1488 3115; baseline 0.002 -19"><span class='ocrx_word' id='word_1_222' title='bbox 326 3036 713 3112; x_wconf 79' lang='grc' dir='ltr'>μεθίστασθαι</span> <span class='ocrx_word' id='word_1_223' title='bbox 778 3036 1165 3115; x_wconf 80' lang='grc' dir='ltr'>βουλομένους</span> <span class='ocrx_word' id='word_1_224' title='bbox 1232 3036 1325 3097; x_wconf 78' lang='grc' dir='ltr'>ἐπὶ</span> <span class='ocrx_word' id='word_1_225' title='bbox 1382 3035 1488 3115; x_wconf 72' lang='grc' dir='ltr'>τὴν</span> 
     </span>
    </p>

    <p class='ocr_par' dir='ltr' id='par_1_16' title="bbox 223 3141 1487 4345">
     <span class='ocr_line' id='line_1_27' title="bbox 266 3141 1487 3221; baseline 0 -18"><span class='ocrx_word' id='word_1_226' title='bbox 266 3154 299 3216; x_wconf 85' lang='grc'>5</span> <span class='ocrx_word' id='word_1_227' title='bbox 326 3141 615 3221; x_wconf 73' lang='grc' dir='ltr'>ἀλήθειαν,</span> <span class='ocrx_word' id='word_1_228' title='bbox 678 3143 1049 3205; x_wconf 78' lang='grc' dir='ltr'>διδάσκεσθαι</span> <span class='ocrx_word' id='word_1_229' title='bbox 1115 3142 1340 3220; x_wconf 76' lang='grc' dir='ltr'>ὀφείλει</span> <span class='ocrx_word' id='word_1_230' title='bbox 1394 3144 1487 3204; x_wconf 87' lang='grc' dir='ltr'>καὶ</span> 
     </span>
     <span class='ocr_line' id='line_1_28' title="bbox 326 3250 1483 3333; baseline 0.002 -22"><span class='ocrx_word' id='word_1_231' title='bbox 326 3250 627 3333; x_wconf 75' lang='grc' dir='ltr'>ὁμολογεῖν</span> <span class='ocrx_word' id='word_1_232' title='bbox 642 3250 731 3311; x_wconf 86' lang='grc' dir='ltr'>ὅτι</span> <span class='ocrx_word' id='word_1_233' title='bbox 757 3250 1097 3327; x_wconf 76' lang='grc' dir='ltr'>πιστεύομεν</span> <span class='ocrx_word' id='word_1_234' title='bbox 1118 3254 1193 3315; x_wconf 84' lang='grc' dir='ltr'>εἶς</span> <span class='ocrx_word' id='word_1_235' title='bbox 1221 3251 1316 3311; x_wconf 75' lang='grc' dir='ltr'>ἕνα</span> <span class='ocrx_word' id='word_1_236' title='bbox 1337 3250 1483 3327; x_wconf 88' lang='grc' dir='ltr'>θεόν,</span> 
     </span>
     <span class='ocr_line' id='line_1_29' title="bbox 326 3356 1485 3437; baseline 0.004 -20"><span class='ocrx_word' id='word_1_237' title='bbox 326 3359 542 3435; x_wconf 90' lang='grc' dir='ltr'>πατέρα</span> <span class='ocrx_word' id='word_1_238' title='bbox 559 3356 753 3435; x_wconf 68' lang='grc' dir='ltr'>ἀΐδιον,</span> <span class='ocrx_word' id='word_1_239' title='bbox 778 3356 897 3420; x_wconf 74' lang='grc' dir='ltr'>οὔθ’</span> <span class='ocrx_word' id='word_1_240' title='bbox 917 3357 1155 3437; x_wconf 80' lang='grc' dir='ltr'>ὕστερον</span> <span class='ocrx_word' id='word_1_241' title='bbox 1173 3356 1485 3436; x_wconf 71' lang='grc' dir='ltr'>ἀρξάμενον</span> 
     </span>
     <span class='ocr_line' id='line_1_30' title="bbox 324 3462 1485 3527; baseline 0.002 -2"><span class='ocrx_word' id='word_1_242' title='bbox 324 3468 425 3525; x_wconf 79' lang='grc' dir='ltr'>τοῦ</span> <span class='ocrx_word' id='word_1_243' title='bbox 479 3464 619 3527; x_wconf 77' lang='grc' dir='ltr'>εἶναι</span> <span class='ocrx_word' id='word_1_244' title='bbox 670 3462 805 3524; x_wconf 73' lang='grc' dir='ltr'>ἀλλ’</span> <span class='ocrx_word' id='word_1_245' title='bbox 857 3462 1069 3526; x_wconf 75' lang='grc' dir='ltr'>ἄνωθεν</span> <span class='ocrx_word' id='word_1_246' title='bbox 1120 3464 1257 3526; x_wconf 83' lang='grc' dir='ltr'>ὄντα</span> <span class='ocrx_word' id='word_1_247' title='bbox 1303 3464 1485 3527; x_wconf 69' lang='grc' dir='ltr'>ἀΐδιον</span> 
     </span>
     <span class='ocr_line' id='line_1_31' title="bbox 328 3570 1485 3653; baseline 0.002 -21"><span class='ocrx_word' id='word_1_248' title='bbox 328 3570 473 3647; x_wconf 87' lang='grc' dir='ltr'>θεόν,</span> <span class='ocrx_word' id='word_1_249' title='bbox 535 3570 663 3631; x_wconf 76' lang='grc' dir='ltr'>οὔτε</span> <span class='ocrx_word' id='word_1_250' title='bbox 726 3571 843 3649; x_wconf 78' lang='grc' dir='ltr'>μὴν</span> <span class='ocrx_word' id='word_1_251' title='bbox 906 3570 1147 3650; x_wconf 76' lang='grc' dir='ltr'>ὕστερον</span> <span class='ocrx_word' id='word_1_252' title='bbox 1211 3570 1485 3653; x_wconf 72' lang='grc' dir='ltr'>γεγονότα</span> 
     </span>
     <span class='ocr_line' id='line_1_32' title="bbox 227 3684 1485 3765; baseline 0 -18"><span class='ocrx_word' id='word_1_253' title='bbox 227 3714 300 3756; x_wconf 90' lang='lat'>10</span> <span class='ocrx_word' id='word_1_254' title='bbox 324 3686 556 3765; x_wconf 80' lang='grc' dir='ltr'>πατέρα,</span> <span class='ocrx_word' id='word_1_255' title='bbox 596 3685 892 3763; x_wconf 73' lang='grc' dir='ltr'>ἐπειδήπερ</span> <span class='ocrx_word' id='word_1_256' title='bbox 928 3684 1016 3746; x_wconf 76' lang='grc' dir='ltr'>ἀεὶ</span> <span class='ocrx_word' id='word_1_257' title='bbox 1056 3684 1181 3750; x_wconf 85' lang='grc' dir='ltr'>θεός</span> <span class='ocrx_word' id='word_1_258' title='bbox 1205 3711 1268 3747; x_wconf 88' lang='grc' dir='ltr'>τε</span> <span class='ocrx_word' id='word_1_259' title='bbox 1294 3684 1365 3762; x_wconf 85' lang='grc' dir='ltr'>ἦν</span> <span class='ocrx_word' id='word_1_260' title='bbox 1393 3686 1485 3747; x_wconf 81' lang='grc' dir='ltr'>καὶ</span> 
     </span>
     <span class='ocr_line' id='line_1_33' title="bbox 322 3798 1485 3879; baseline 0.001 -19"><span class='ocrx_word' id='word_1_261' title='bbox 322 3800 525 3879; x_wconf 85' lang='grc' dir='ltr'>πατήρ.</span> <span class='ocrx_word' id='word_1_262' title='bbox 611 3798 953 3878; x_wconf 69' lang='grc' dir='ltr'>πιστεύομεν</span> <span class='ocrx_word' id='word_1_263' title='bbox 1005 3798 1068 3860; x_wconf 77' lang='grc' dir='ltr'>δὲ</span> <span class='ocrx_word' id='word_1_264' title='bbox 1122 3798 1217 3861; x_wconf 84' lang='grc' dir='ltr'>καὶ</span> <span class='ocrx_word' id='word_1_265' title='bbox 1264 3802 1341 3864; x_wconf 77' lang='grc' dir='ltr'>εἷς</span> <span class='ocrx_word' id='word_1_266' title='bbox 1388 3800 1485 3861; x_wconf 74' lang='grc' dir='ltr'>ἕνα</span> 
     </span>
     <span class='ocr_line' id='line_1_34' title="bbox 327 3915 1485 4009; baseline -0.003 -28"><span class='ocrx_word' id='word_1_267' title='bbox 327 3920 461 4009; x_wconf 80' lang='grc' dir='ltr'>θεοῦ</span> <span class='ocrx_word' id='word_1_268' title='bbox 507 3916 629 3981; x_wconf 67' lang='lat' dir='ltr'>iti-dv</span> <span class='ocrx_word' id='word_1_269' title='bbox 679 3920 961 4000; x_wconf 79' lang='grc' dir='ltr'>μονογενῆ</span> <span class='ocrx_word' id='word_1_270' title='bbox 1017 3922 1077 3979; x_wconf 75' lang='grc' dir='ltr'>ἐκ</span> <span class='ocrx_word' id='word_1_271' title='bbox 1131 3920 1233 3996; x_wconf 76' lang='grc' dir='ltr'>τῆς</span> <span class='ocrx_word' id='word_1_272' title='bbox 1287 3915 1485 3983; x_wconf 79' lang='grc' dir='ltr'>σῦσίας</span> 
     </span>
     <span class='ocr_line' id='line_1_35' title="bbox 322 4032 1485 4115; baseline -0.003 -18"><span class='ocrx_word' id='word_1_273' title='bbox 322 4034 459 4099; x_wconf 80' lang='grc' dir='ltr'>ὄντα</span> <span class='ocrx_word' id='word_1_274' title='bbox 492 4039 595 4112; x_wconf 85' lang='grc' dir='ltr'>τῆς</span> <span class='ocrx_word' id='word_1_275' title='bbox 620 4033 894 4115; x_wconf 71' lang='grc' dir='ltr'>πατρῴας,</span> <span class='ocrx_word' id='word_1_276' title='bbox 922 4032 1091 4098; x_wconf 82' lang='grc' dir='ltr'>ὅντως</span> <span class='ocrx_word' id='word_1_277' title='bbox 1116 4032 1239 4094; x_wconf 75' lang='grc' dir='ltr'>υἶόν</span> <span class='ocrx_word' id='word_1_278' title='bbox 1265 4034 1360 4094; x_wconf 85' lang='grc' dir='ltr'>καὶ</span> <span class='ocrx_word' id='word_1_279' title='bbox 1382 4037 1485 4111; x_wconf 81' lang='grc' dir='ltr'>τῆς</span> 
     </span>
     <span class='ocr_line' id='line_1_36' title="bbox 321 4147 1485 4229; baseline -0.001 -18"><span class='ocrx_word' id='word_1_280' title='bbox 321 4150 493 4228; x_wconf 65' lang='grc' dir='ltr'>αὐτῆς</span> <span class='ocrx_word' id='word_1_281' title='bbox 546 4150 743 4216; x_wconf 73' lang='grc' dir='ltr'>οὐσίας</span> <span class='ocrx_word' id='word_1_282' title='bbox 789 4150 924 4213; x_wconf 84' lang='grc' dir='ltr'>ὄντα</span> <span class='ocrx_word' id='word_1_283' title='bbox 968 4147 1140 4229; x_wconf 74' lang='grc' dir='ltr'>οὗπέρ</span> <span class='ocrx_word' id='word_1_284' title='bbox 1185 4154 1341 4211; x_wconf 71' lang='grc' dir='ltr'>ἔστιν</span> <span class='ocrx_word' id='word_1_285' title='bbox 1388 4151 1485 4211; x_wconf 80' lang='grc' dir='ltr'>καὶ</span> 
     </span>
     <span class='ocr_line' id='line_1_37' title="bbox 223 4260 1484 4345; baseline -0.004 -18"><span class='ocrx_word' id='word_1_286' title='bbox 223 4284 293 4345; x_wconf 81' lang='lat'>15</span> <span class='ocrx_word' id='word_1_287' title='bbox 319 4263 648 4327; x_wconf 78' lang='grc' dir='ltr'>πιστεύεται</span> <span class='ocrx_word' id='word_1_288' title='bbox 691 4260 821 4328; x_wconf 77' lang='grc' dir='ltr'>υἱός.</span> <span class='ocrx_word' id='word_1_289' title='bbox 904 4262 1001 4324; x_wconf 75' lang='grc' dir='ltr'>καὶ</span> <span class='ocrx_word' id='word_1_290' title='bbox 1041 4264 1117 4327; x_wconf 78' lang='grc' dir='ltr'>εἶς</span> <span class='ocrx_word' id='word_1_291' title='bbox 1154 4260 1223 4324; x_wconf 60' lang='lat' dir='ltr'>rc*</span> <span class='ocrx_word' id='word_1_292' title='bbox 1262 4264 1484 4341; x_wconf 77' lang='grc' dir='ltr'>πνεῦμα.</span> 
     </span>
    </p>

    <p class='ocr_par' dir='ltr' id='par_1_17' title="bbox 453 4396 1382 4463">
     <span class='ocr_line' id='line_1_38' title="bbox 453 4396 1382 4463; baseline -0.004 -16"><span class='ocrx_word' id='word_1_293' title='bbox 453 4412 481 4463; x_wconf 77' lang='lat'>5</span> <span class='ocrx_word' id='word_1_294' title='bbox 515 4397 749 4462; x_wconf 76' lang='grc' dir='ltr'>προσήκει</span> <span class='ocrx_word' id='word_1_295' title='bbox 772 4396 890 4461; x_wconf 85' lang='lat' dir='ltr'>(for</span> <span class='ocrx_word' id='word_1_296' title='bbox 906 4396 1113 4457; x_wconf 73' lang='grc' dir='ltr'>ὀφείλει)</span> <span class='ocrx_word' id='word_1_297' title='bbox 1133 4396 1235 4445; x_wconf 83' lang='lat' dir='ltr'>cod.</span> <span class='ocrx_word' id='word_1_298' title='bbox 1258 4396 1382 4445; x_wconf 82' lang='lat' dir='ltr'>Par.</span> 
     </span>
    </p>
   </div>
   <div class='ocr_carea' id='block_1_15' title="bbox 1580 2700 2848 4229">
    <p class='ocr_par' dir='ltr' id='par_1_18' title="bbox 1580 2700 2848 4229">
     <span class='ocr_line' id='line_1_39' title="bbox 1671 2700 2754 2780; baseline 0.005 -20"><span class='ocrx_word' id='word_1_299' title='bbox 1671 2700 1792 2777; x_wconf 89' lang='lat' dir='ltr'>Qui</span> <span class='ocrx_word' id='word_1_300' title='bbox 1837 2720 2004 2761; x_wconf 87' lang='lat' dir='ltr'>nunc</span> <span class='ocrx_word' id='word_1_301' title='bbox 2042 2700 2301 2780; x_wconf 89' lang='lat' dir='ltr'>primum</span> <span class='ocrx_word' id='word_1_302' title='bbox 2341 2701 2405 2762; x_wconf 90' lang='lat' dir='ltr'>in</span> <span class='ocrx_word' id='word_1_303' title='bbox 2447 2701 2754 2765; x_wconf 87' lang='lat' dir='ltr'>ecclesias-</span> 
     </span>
     <span class='ocr_line' id='line_1_40' title="bbox 1585 2799 2756 2879; baseline 0.002 -17"><span class='ocrx_word' id='word_1_304' title='bbox 1585 2800 1720 2862; x_wconf 89' lang='lat' dir='ltr'>ticis</span> <span class='ocrx_word' id='word_1_305' title='bbox 1749 2800 2100 2862; x_wconf 89' lang='lat' dir='ltr'>erudiuntur</span> <span class='ocrx_word' id='word_1_306' title='bbox 2120 2799 2500 2878; x_wconf 86' lang='lat' dir='ltr'>dogmatibus</span> <span class='ocrx_word' id='word_1_307' title='bbox 2520 2800 2756 2879; x_wconf 89' lang='lat' dir='ltr'>liquido·</span> 
     </span>
     <span class='ocr_line' id='line_1_41' title="bbox 1586 2896 2752 2976; baseline 0.002 -18"><span class='ocrx_word' id='word_1_308' title='bbox 1586 2897 2040 2976; x_wconf 81' lang='lat' dir='ltr'>cognoscendiS,</span> <span class='ocrx_word' id='word_1_309' title='bbox 2117 2908 2222 2957; x_wconf 91' lang='lat' dir='ltr'>aut</span> <span class='ocrx_word' id='word_1_310' title='bbox 2289 2898 2371 2959; x_wconf 86' lang='lat' dir='ltr'>ab</span> <span class='ocrx_word' id='word_1_311' title='bbox 2451 2896 2752 2960; x_wconf 87' lang='lat' dir='ltr'>haeretico</span> 
     </span>
     <span class='ocr_line' id='line_1_42' title="bbox 1586 2993 2848 3114; baseline 0.001 -58"><span class='ocrx_word' id='word_1_312' title='bbox 1586 3014 1782 3056; x_wconf 86' lang='lat' dir='ltr'>errore</span> <span class='ocrx_word' id='word_1_313' title='bbox 1811 2994 2082 3056; x_wconf 91' lang='lat' dir='ltr'>conuerti</span> <span class='ocrx_word' id='word_1_314' title='bbox 2104 2995 2478 3057; x_wconf 90' lang='lat' dir='ltr'>decreuerint</span> <span class='ocrx_word' id='word_1_315' title='bbox 2506 2997 2587 3057; x_wconf 87' lang='lat' dir='ltr'>ad</span> <span class='ocrx_word' id='word_1_316' title='bbox 2603 2993 2754 3057; x_wconf 89' lang='lat' dir='ltr'>ueri·</span> <span class='ocrx_word' id='word_1_317' title='bbox 2778 3050 2848 3114; x_wconf 66' lang='lat'>15</span> 
     </span>
     <span class='ocr_line' id='line_1_43' title="bbox 1586 3092 2750 3171; baseline 0.001 -18"><span class='ocrx_word' id='word_1_318' title='bbox 1586 3104 1790 3169; x_wconf 88' lang='lat' dir='ltr'>tatem,</span> <span class='ocrx_word' id='word_1_319' title='bbox 1821 3092 2026 3155; x_wconf 89' lang='lat' dir='ltr'>doceri</span> <span class='ocrx_word' id='word_1_320' title='bbox 2059 3112 2164 3155; x_wconf 90' lang='lat' dir='ltr'>eos</span> <span class='ocrx_word' id='word_1_321' title='bbox 2197 3103 2436 3171; x_wconf 89' lang='lat' dir='ltr'>oportet</span> <span class='ocrx_word' id='word_1_322' title='bbox 2463 3092 2750 3171; x_wconf 87' lang='lat' dir='ltr'>quoniam</span> 
     </span>
     <span class='ocr_line' id='line_1_44' title="bbox 1584 3188 2750 3264; baseline 0.002 -14"><span class='ocrx_word' id='word_1_323' title='bbox 1584 3188 1886 3250; x_wconf 87' lang='lat' dir='ltr'>credimus</span> <span class='ocrx_word' id='word_1_324' title='bbox 1924 3188 1988 3248; x_wconf 90' lang='lat' dir='ltr'>in</span> <span class='ocrx_word' id='word_1_325' title='bbox 2027 3207 2216 3250; x_wconf 90' lang='lat' dir='ltr'>unum</span> <span class='ocrx_word' id='word_1_326' title='bbox 2253 3190 2471 3264; x_wconf 90' lang='lat' dir='ltr'>Deum,</span> <span class='ocrx_word' id='word_1_327' title='bbox 2510 3191 2750 3251; x_wconf 87' lang='lat' dir='ltr'>Patrem</span> 
     </span>
     <span class='ocr_line' id='line_1_45' title="bbox 1585 3285 2748 3365; baseline -0.002 -18"><span class='ocrx_word' id='word_1_328' title='bbox 1585 3286 2034 3365; x_wconf 89' lang='lat' dir='ltr'>sempiternum,</span> <span class='ocrx_word' id='word_1_329' title='bbox 2063 3306 2192 3347; x_wconf 91' lang='lat' dir='ltr'>non</span> <span class='ocrx_word' id='word_1_330' title='bbox 2223 3286 2329 3364; x_wconf 91' lang='lat' dir='ltr'>qui</span> <span class='ocrx_word' id='word_1_331' title='bbox 2356 3285 2748 3363; x_wconf 88' lang='lat' dir='ltr'>postmodum</span> 
     </span>
     <span class='ocr_line' id='line_1_46' title="bbox 1583 3378 2750 3459; baseline -0.001 -17"><span class='ocrx_word' id='word_1_332' title='bbox 1583 3380 1852 3459; x_wconf 86' lang='lat' dir='ltr'>coeperit</span> <span class='ocrx_word' id='word_1_333' title='bbox 1869 3391 1936 3440; x_wconf 92' lang='lat' dir='ltr'>ut</span> <span class='ocrx_word' id='word_1_334' title='bbox 1956 3390 2130 3454; x_wconf 89' lang='lat' dir='ltr'>esset,</span> <span class='ocrx_word' id='word_1_335' title='bbox 2157 3380 2264 3440; x_wconf 91' lang='lat' dir='ltr'>sed</span> <span class='ocrx_word' id='word_1_336' title='bbox 2283 3378 2388 3457; x_wconf 92' lang='lat' dir='ltr'>qui</span> <span class='ocrx_word' id='word_1_337' title='bbox 2404 3378 2480 3439; x_wconf 88' lang='lat' dir='ltr'>ab</span> <span class='ocrx_word' id='word_1_338' title='bbox 2502 3389 2750 3441; x_wconf 84' lang='lat' dir='ltr'>aeterno</span> 
     </span>
     <span class='ocr_line' id='line_1_47' title="bbox 1584 3473 2750 3555; baseline -0.003 -17"><span class='ocrx_word' id='word_1_339' title='bbox 1584 3477 1660 3538; x_wconf 87' lang='lat' dir='ltr'>sit</span> <span class='ocrx_word' id='word_1_340' title='bbox 1728 3477 2128 3555; x_wconf 87' lang='lat' dir='ltr'>sempiternus</span> <span class='ocrx_word' id='word_1_341' title='bbox 2197 3475 2386 3549; x_wconf 80' lang='lat' dir='ltr'>DeuS,</span> <span class='ocrx_word' id='word_1_342' title='bbox 2454 3493 2572 3535; x_wconf 89' lang='lat' dir='ltr'>nec</span> <span class='ocrx_word' id='word_1_343' title='bbox 2641 3473 2750 3553; x_wconf 90' lang='lat' dir='ltr'>qui</span> 
     </span>
     <span class='ocr_line' id='line_1_48' title="bbox 1582 3569 2750 3653; baseline -0.005 -17"><span class='ocrx_word' id='word_1_344' title='bbox 1582 3586 1796 3653; x_wconf 90' lang='lat' dir='ltr'>postea</span> <span class='ocrx_word' id='word_1_345' title='bbox 1847 3576 2042 3635; x_wconf 85' lang='lat' dir='ltr'>factus</span> <span class='ocrx_word' id='word_1_346' title='bbox 2090 3574 2168 3635; x_wconf 91' lang='lat' dir='ltr'>sit</span> <span class='ocrx_word' id='word_1_347' title='bbox 2225 3575 2416 3647; x_wconf 87' lang='lat' dir='ltr'>Pater,</span> <span class='ocrx_word' id='word_1_348' title='bbox 2462 3569 2750 3650; x_wconf 83' lang='lat' dir='ltr'>quoniam</span> 
     </span>
     <span class='ocr_line' id='line_1_49' title="bbox 1583 3673 2750 3752; baseline -0.003 -17"><span class='ocrx_word' id='word_1_349' title='bbox 1583 3693 1822 3752; x_wconf 89' lang='lat' dir='ltr'>semper</span> <span class='ocrx_word' id='word_1_350' title='bbox 1877 3682 2004 3735; x_wconf 86' lang='lat' dir='ltr'>erat</span> <span class='ocrx_word' id='word_1_351' title='bbox 2065 3673 2253 3745; x_wconf 89' lang='lat' dir='ltr'>Deus,</span> <span class='ocrx_word' id='word_1_352' title='bbox 2326 3689 2564 3749; x_wconf 90' lang='lat' dir='ltr'>semper</span> <span class='ocrx_word' id='word_1_353' title='bbox 2622 3680 2750 3732; x_wconf 89' lang='lat' dir='ltr'>erat</span> 
     </span>
     <span class='ocr_line' id='line_1_50' title="bbox 1584 3766 2748 3833; baseline -0.002 -2"><span class='ocrx_word' id='word_1_354' title='bbox 1584 3773 1775 3833; x_wconf 88' lang='lat' dir='ltr'>Pater.</span> <span class='ocrx_word' id='word_1_355' title='bbox 1821 3769 2118 3831; x_wconf 84' lang='lat' dir='ltr'>credimus</span> <span class='ocrx_word' id='word_1_356' title='bbox 2140 3780 2201 3830; x_wconf 91' lang='lat' dir='ltr'>et</span> <span class='ocrx_word' id='word_1_357' title='bbox 2219 3768 2284 3829; x_wconf 90' lang='lat' dir='ltr'>in</span> <span class='ocrx_word' id='word_1_358' title='bbox 2310 3787 2500 3829; x_wconf 90' lang='lat' dir='ltr'>unum</span> <span class='ocrx_word' id='word_1_359' title='bbox 2528 3766 2748 3830; x_wconf 88' lang='lat' dir='ltr'>Filium</span> 
     </span>
     <span class='ocr_line' id='line_1_51' title="bbox 1584 3868 2750 3948; baseline 0 -18"><span class='ocrx_word' id='word_1_360' title='bbox 1584 3868 1703 3930; x_wconf 90' lang='lat' dir='ltr'>Dei</span> <span class='ocrx_word' id='word_1_361' title='bbox 1751 3869 2141 3948; x_wconf 90' lang='lat' dir='ltr'>unigenitum,</span> <span class='ocrx_word' id='word_1_362' title='bbox 2188 3868 2293 3946; x_wconf 89' lang='lat' dir='ltr'>qui</span> <span class='ocrx_word' id='word_1_363' title='bbox 2343 3878 2434 3929; x_wconf 92' lang='lat' dir='ltr'>est</span> <span class='ocrx_word' id='word_1_364' title='bbox 2483 3868 2562 3929; x_wconf 92' lang='lat' dir='ltr'>de</span> <span class='ocrx_word' id='word_1_365' title='bbox 2611 3870 2750 3930; x_wconf 90' lang='lat' dir='ltr'>sub-</span> 
     </span>
     <span class='ocr_line' id='line_1_52' title="bbox 1582 3967 2745 4045; baseline -0.002 -16"><span class='ocrx_word' id='word_1_366' title='bbox 1582 3968 1802 4030; x_wconf 90' lang='lat' dir='ltr'>stantia</span> <span class='ocrx_word' id='word_1_367' title='bbox 1819 3970 1918 4030; x_wconf 90' lang='lat' dir='ltr'>uel</span> <span class='ocrx_word' id='word_1_368' title='bbox 1936 3967 2195 4030; x_wconf 85' lang='lat' dir='ltr'>essentia</span> <span class='ocrx_word' id='word_1_369' title='bbox 2213 3968 2424 4043; x_wconf 87' lang='lat' dir='ltr'>Patris,</span> <span class='ocrx_word' id='word_1_370' title='bbox 2435 3978 2745 4045; x_wconf 88' lang='lat' dir='ltr'>tamquam</span> 
     </span>
     <span class='ocr_line' id='line_1_53' title="bbox 1580 4062 2747 4128; baseline 0.001 -1"><span class='ocrx_word' id='word_1_371' title='bbox 1580 4085 1722 4127; x_wconf 91' lang='lat' dir='ltr'>uere</span> <span class='ocrx_word' id='word_1_372' title='bbox 1749 4065 1904 4127; x_wconf 89' lang='lat' dir='ltr'>filius</span> <span class='ocrx_word' id='word_1_373' title='bbox 1923 4076 1983 4126; x_wconf 91' lang='lat' dir='ltr'>et</span> <span class='ocrx_word' id='word_1_374' title='bbox 2004 4065 2272 4126; x_wconf 89' lang='lat' dir='ltr'>eiusdem</span> <span class='ocrx_word' id='word_1_375' title='bbox 2296 4062 2589 4126; x_wconf 90' lang='lat' dir='ltr'>essentiae</span> <span class='ocrx_word' id='word_1_376' title='bbox 2606 4082 2747 4128; x_wconf 87' lang='lat' dir='ltr'>cum</span> 
     </span>
     <span class='ocr_line' id='line_1_54' title="bbox 1580 4164 2742 4229; baseline 0.003 -4"><span class='ocrx_word' id='word_1_377' title='bbox 1580 4164 1687 4227; x_wconf 90' lang='lat' dir='ltr'>illo</span> <span class='ocrx_word' id='word_1_378' title='bbox 1715 4165 1885 4226; x_wconf 89' lang='lat' dir='ltr'>cuius</span> <span class='ocrx_word' id='word_1_379' title='bbox 1913 4175 2004 4227; x_wconf 89' lang='lat' dir='ltr'>est</span> <span class='ocrx_word' id='word_1_380' title='bbox 2031 4176 2093 4227; x_wconf 90' lang='lat' dir='ltr'>et</span> <span class='ocrx_word' id='word_1_381' title='bbox 2119 4164 2378 4227; x_wconf 91' lang='lat' dir='ltr'>creditur</span> <span class='ocrx_word' id='word_1_382' title='bbox 2405 4184 2538 4227; x_wconf 89' lang='lat' dir='ltr'>esse</span> <span class='ocrx_word' id='word_1_383' title='bbox 2569 4164 2742 4229; x_wconf 81' lang='lat' dir='ltr'>filius,</span> 
     </span>
    </p>
   </div>
   <div class='ocr_carea' id='block_1_16' title="bbox 1582 4262 2746 4343">
    <p class='ocr_par' dir='ltr' id='par_1_19' title="bbox 1582 4262 2746 4343">
     <span class='ocr_line' id='line_1_55' title="bbox 1582 4262 2746 4343; baseline 0.001 -17"><span class='ocrx_word' id='word_1_384' title='bbox 1582 4275 1645 4326; x_wconf 91' lang='lat' dir='ltr'>et</span> <span class='ocrx_word' id='word_1_385' title='bbox 1683 4262 1747 4325; x_wconf 87' lang='lat' dir='ltr'>in</span> <span class='ocrx_word' id='word_1_386' title='bbox 1781 4262 2064 4343; x_wconf 86' lang='lat' dir='ltr'>Spiritum</span> <span class='ocrx_word' id='word_1_387' title='bbox 2101 4274 2393 4340; x_wconf 83' lang='lat' dir='ltr'>sanctum,</span> <span class='ocrx_word' id='word_1_388' title='bbox 2425 4262 2532 4343; x_wconf 89' lang='lat' dir='ltr'>qui</span> <span class='ocrx_word' id='word_1_389' title='bbox 2563 4263 2640 4327; x_wconf 83' lang='lat' dir='ltr'>sit</span> <span class='ocrx_word' id='word_1_390' title='bbox 2665 4264 2746 4327; x_wconf 86' lang='lat' dir='ltr'>de</span> 
     </span>
    </p>
   </div>
   <div class='ocr_carea' id='block_1_17' title="bbox 2774 3542 2852 3582">
    <p class='ocr_par' dir='ltr' id='par_1_20' title="bbox 2774 3542 2852 3582">
     <span class='ocr_line' id='line_1_56' title="bbox 2774 3542 2852 3582; baseline 0 0"><span class='ocrx_word' id='word_1_391' title='bbox 2774 3542 2852 3582; x_wconf 83' lang='lat'>20</span> 
     </span>
    </p>
   </div>
   <div class='ocr_carea' id='block_1_18' title="bbox 2772 4025 2844 4088">
    <p class='ocr_par' dir='ltr' id='par_1_21' title="bbox 2772 4025 2844 4088">
     <span class='ocr_line' id='line_1_57' title="bbox 2772 4025 2844 4088; baseline 0 0"><span class='ocrx_word' id='word_1_392' title='bbox 2772 4025 2844 4088; x_wconf 79' lang='lat'>25</span> 
     </span>
    </p>
   </div>
   <div class='ocr_carea' id='block_1_19' title="bbox 1673 4393 2744 4463">
    <p class='ocr_par' dir='ltr' id='par_1_22' title="bbox 1673 4393 2744 4463">
     <span class='ocr_line' id='line_1_58' title="bbox 1673 4393 2744 4463; baseline 0.004 -18"><span class='ocrx_word' id='word_1_393' title='bbox 1673 4393 1736 4447; x_wconf 71' lang='lat'>26</span> <span class='ocrx_word' id='word_1_394' title='bbox 1767 4394 1898 4447; x_wconf 80' lang='lat' dir='ltr'>inid</span> <span class='ocrx_word' id='word_1_395' title='bbox 1917 4395 2055 4463; x_wconf 89' lang='lat' dir='ltr'>quod</span> <span class='ocrx_word' id='word_1_396' title='bbox 2077 4404 2154 4447; x_wconf 77' lang='lat' dir='ltr'>est</span> <span class='ocrx_word' id='word_1_397' title='bbox 2179 4393 2292 4461; x_wconf 80' lang='lat' dir='ltr'>(for</span> <span class='ocrx_word' id='word_1_398' title='bbox 2310 4410 2424 4447; x_wconf 82' lang='lat' dir='ltr'>cum</span> <span class='ocrx_word' id='word_1_399' title='bbox 2447 4396 2538 4449; x_wconf 86' lang='lat' dir='ltr'>illo</span> <span class='ocrx_word' id='word_1_400' title='bbox 2553 4412 2600 4449; x_wconf 86' lang='lat' dir='ltr'>e.</span> <span class='ocrx_word' id='word_1_401' title='bbox 2622 4394 2690 4463; x_wconf 85' lang='lat' dir='ltr'>e.)</span> <span class='ocrx_word' id='word_1_402' title='bbox 2714 4397 2744 4449; x_wconf 74' lang='lat' dir='ltr'><em>b</em></span> 
     </span>
    </p>
   </div>
   <div class='ocr_carea' id='block_1_20' title="bbox 1338 4473 1724 4540">
    <p class='ocr_par' dir='ltr' id='par_1_23' title="bbox 1338 4473 1724 4540">
     <span class='ocr_line' id='line_1_59' title="bbox 1338 4473 1724 4540; baseline -0.003 -15"><span class='ocrx_word' id='word_1_403' title='bbox 1338 4473 1369 4503; x_wconf 67' lang='lat'>⁴</span> <span class='ocrx_word' id='word_1_404' title='bbox 1404 4474 1724 4540; x_wconf 52' lang='lat' dir='ltr'>Rom-ias,-</span> 
     </span>
    </p>
   </div>
  </div>
 </body>
</html>
