3250 5025
505 364 590 427 80
1163 366 1621 431 THEonosz
1672 378 2260 430 MOPSUESTENUS
2714 364 2793 449 [Ι.
2834 366 2927 430 16.

501 549 805 615 homines
854 553 1306 617 misericordia
1347 550 1583 627 saluat,
1624 572 1777 615 cum
1828 551 1963 616 sint
2010 560 2391 634 peccatores
2434 560 2707 635 propter
2736 572 2927 617 suam

501 653 978 719 infirmitatem.
1034 656 1462 741 acceptabilis
1488 678 1649 720 uero
1674 666 1775 720 est
1798 657 2108 721 omnibus
2138 655 2409 720 bonitas
2443 658 2742 721 maxime
2777 656 2923 732 Dei,

499 777 671 839 quae
731 758 931 822 ualde
991 770 1093 823 est
1154 780 1401 843 magna
1459 769 1528 823 et
1588 759 1801 823 multo
1855 759 2186 842 copiosior
2245 779 2405 842 erga
2468 780 2590 831 nos
2652 760 2928 837 effecta3

501 862 719 923 omnis
751 872 976 925 autem
1011 864 1413 947 quicumque
1447 864 1555 927 ille
1593 863 1967 928 delectatur
1998 864 2064 927 in
2096 862 2278 926 hisce
2311 864 2746 941 sermonibus,
2772 882 2928 927 eum

439 963 588 1037 ssit
638 965 779 1047 ipse
831 965 1052 1043 homo,
1107 977 1176 1031 et
1223 967 1404 1030 bona
1448 968 1534 1030 de
1578 964 1963 1030 hominibus
2008 966 2240 1029 audire
2286 967 2529 1049 cupiat.
2622 976 2689 1032 et
2727 967 2927 1032 latius

377 1072 382 1075 '
499 1066 629 1131 hoc
661 1069 839 1135 idem
872 1072 1100 1135 dicens
1137 1070 1384 1137 adicit:

627 1246 746 1309 sed
750 1258 1016 1331 propter
1036 1247 1150 1312 hoc
1176 1248 1684 1314 misericordiam
1715 1258 2076 1313 consecutus
2102 1268 2267 1323 sum,
2300 1257 2379 1310 ut
2409 1246 2479 1310 in
2512 1267 2611 1310 me
2625 1245 2927 1329 primum

497 1350 791 1413 ostendat
852 1350 1150 1417 Chn'stus
1207 1355 1390 1417 Iesus
1447 1374 1698 1415 omnem
1758 1351 2154 1434 patientiam
2227 1350 2327 1414 ad
2392 1350 2927 1431 itgformationem

495 1474 716 1519 eorum
744 1457 864 1539 qui
885 1468 1044 1521 sunt
1068 1458 1384 1522 credituri
1411 1457 1520 1522 illi
1543 1458 1614 1521 in
1646 1457 1857 1521 uitam
1887 1466 2228 1521 aeternam.

396 1620 476 1667 10
633 1602 819 1665 ‘ideo
851 1623 960 1667 me
1007 1603 1380 1668 ministrum
1417 1602 1790 1668 uocationis
1834 1602 2139 1685 gentium
2184 1603 2270 1666 de
2306 1599 2553 1666 talibus
2595 1598 2818 1683 elegit,
2850 1608 2927 1663 ut

491 1727 590 1769 ex
642 1727 750 1770 me
787 1708 1218 1773 manifestum
1267 1710 1578 1773 omnibus
1628 1708 1846 1785 faciat,
1904 1708 2223 1791 quoniam
2274 1704 2631 1769 clementia
2679 1702 2809 1766 Dei
2856 1712 2927 1765 et

500 1809 802 1874 bonitate
833 1832 1066 1875 omnes
1108 1813 1221 1895 qui
1268 1814 1548 1876 credunt
1580 1812 1647 1875 in
1685 1832 1839 1875 eum
1888 1811 2339 1887 saluabuntur,
2372 1818 2714 1873 aeternam
2753 1810 2926 1891 poti-

501 1915 628 1978 turi
662 1916 890 1979 uitam.
965 1916 1021 1978 si
1055 1925 1282 1980 autem
1314 1915 1654 1979 doctrinae
1688 1916 1990 1978 minister
2018 1914 2173 1977 talis
2203 1921 2512 1995 sumptus
2542 1920 2661 1987 est,
2696 1912 2927 1995 quales

501 2028 695 2081 erunt
748 2019 857 2094 illi,
908 2020 1021 2102 qui
1071 2040 1191 2101 per
1241 2039 1395 2083 eum
1445 2020 1531 2083 ad
1585 2020 1907 2101 pietatem
1957 2017 2361 2080 uocantur?’
2454 2027 2520 2080 et
2568 2016 2756 2098 quasi
2812 2014 2925 2097 qui

399 2131 470 2198 15
501 2122 866 2186 ostenderit
919 2142 1036 2205 per
1083 2123 1265 2198 haec,
1316 2124 1635 2205 quoniam
1695 2142 1855 2184 uera
1914 2122 2170 2185 ratione
2248 2120 2697 2185 misericordia
2764 2132 2926 2186 tunc

502 2245 738 2288 omnes
788 2227 1237 2303 saluabantur,
1288 2227 1560 2310 quando
1597 2246 1640 2288 a
1684 2234 1962 2307 peccato
2016 2225 2232 2288 exteri
2278 2223 2435 2288 facti
2482 2224 2699 2306 legem
2755 2224 2928 2289 ultra

504 2330 778 2420 minime
831 2332 1128 2415 indigere
1177 2332 1618 2408 uidebuntur;
1688 2341 1764 2395 ut
1812 2351 1900 2393 ex
1955 2330 2081 2393 hoc
2128 2329 2479 2394 confirmet
2520 2329 2701 2405 illud,
2746 2332 2925 2413 quod

502 2436 919 2517 propositum
971 2436 1097 2499 sibi
1152 2434 1380 2510 fuerat,
1425 2436 1743 2518 quoniam
1798 2454 1933 2497 non
1993 2435 2307 2497 conuenit
2355 2453 2475 2517 per
2521 2434 2741 2516 legem
2795 2434 2929 2498 liti-

499 2557 676 2620 gare,
710 2541 1059 2604 credentes
1104 2561 1265 2604 uero
1313 2541 1380 2603 in
1428 2540 1769 2604 Christum
1818 2549 2179 2623 expectare
2212 2537 2432 2603 futura
2462 2548 2530 2603 et
2559 2537 2925 2602 secundum

394 2664 480 2712 20
505 2643 617 2706 illa
662 2665 784 2726 pro
827 2645 1069 2708 uirium
1116 2664 1383 2707 suarum
1431 2643 1873 2726 possibilitate
1922 2644 1988 2705 in
2039 2644 2371 2725 praesenti
2417 2643 2682 2706 saeculo
2736 2665 2925 2713 suam

505 2767 732 2830 regere
763 2750 992 2824 uitam,
1025 2749 1118 2811 ita
1149 2757 1225 2812 ut
1257 2767 1378 2810 nec
1420 2748 1508 2811 sit
1549 2748 1678 2811 illis
1716 2748 1803 2812 ad
1842 2769 2155 2830 praesens
2188 2746 2359 2810 adeo
2389 2749 2762 2811 necessaria
2795 2749 2928 2823 lex,

506 2852 560 2913 si
592 2862 819 2916 tamen
853 2852 939 2915 ad
973 2853 1195 2916 sutura
1224 2853 1653 2935 respicientes
1694 2853 1958 2917 uirtutis
2000 2852 2331 2917 uoluerint
2371 2873 2598 2915 curam
2642 2851 2928 2928 habere;

503 2957 868 3037 gratiarum
901 2960 1163 3021 actione
1205 2979 1398 3021 suum
1439 2958 1769 3022 conclusit
1804 2978 2198 3033 sermonem,
2233 2977 2314 3019 eo
2358 2957 2537 3039 quod
2577 2965 2645 3020 et
2683 2975 2930 3038 magna

505 3062 741 3124 adesse
772 3061 964 3124 nobis
995 3061 1175 3125 bona
1204 3061 1514 3124 ostendit.
1580 3070 1990 3144 quapropter
2020 3070 2086 3124 et
2116 3062 2278 3125 dicit
2306 3085 2320 3124 :

607 3252 628 3286 1
667 3235 784 3286 sinit
818 3235 931 3300 (for
949 3233 1066 3298 sint)
1092 3252 1125 3282 r
1350 3252 1382 3298 4
1405 3235 1479 3285 illi
1521 3235 1642 3284 CH
1660 3252 1692 3285 r
1949 3234 1982 3285 6
2016 3241 2311 3285 consecutus
2340 3249 2449 3283 sum
2485 3233 2584 3298 (aft
2616 3234 2734 3295 hoc)
2768 3233 2874 3282 add
2902 3250 2937 3282 r

511 3333 567 3368 12
604 3316 806 3381 petituri
828 3333 861 3364 r
1051 3330 1106 3379 13
1141 3317 1292 3366 miser
1317 3313 1432 3380 (sor
1449 3313 1694 3378 minister)
1719 3315 1812 3365 H*
2004 3329 2061 3375 14
2084 3321 2291 3364 uocatur
2318 3313 2389 3364 C*
2564 3327 2623 3376 15
2660 3313 2881 3365 ostendit
2901 3329 2935 3362 r

511 3397 570 3449 16
605 3399 714 3464 lege
736 3413 769 3446 r
983 3413 1041 3466 19
1075 3397 1308 3448 credente
1336 3397 1380 3446 C
1441 3397 1663 3446 credenti
1688 3398 1787 3446 Ην
1994 3411 2049 3446 αι
2088 3396 2246 3445 uitam
2276 3411 2447 3460 regere
2468 3411 2502 3444 r
2712 3411 2775 3445 π
2810 3395 2925 3445 uirt.

504 3480 692 3530 habere
715 3495 884 3529 curam
906 3479 1008 3529 uol.
1035 3495 1068 3528 r

503 3636 744 3687 scientiae
797 3651 971 3684 uerum
1025 3649 1133 3684 esse
1189 3641 1495 3699 cognoscant
1509 3631 1541 3655 ”
1557 3649 1663 3682 -a
1761 3633 1855 3684 has
1912 3634 1949 3659 ‘⁸
1963 3629 2438 3693 deformationem,’'
2474 3631 2625 3680 Fuld.
2685 3630 2929 3685 Claram..

503 3724 758 3770 comment
791 3715 1034 3780 certainly
1064 3715 1116 3764 in
1153 3731 1322 3764 excess
1355 3715 1482 3764 both
1514 3714 1573 3764 of
1607 3715 1663 3764 S.
1769 3717 1805 3741 “
1822 3714 2164 3780 exemplum.”

506 3800 676 3852 Paul's
699 3800 864 3850 words
886 3798 984 3848 and
1009 3797 1069 3847 of
1084 3797 1170 3846 the
1193 3796 1334 3846 facts.
1837 3797 1912 3847 18.
1944 3805 2042 3861 per
2060 3797 2207 3860 legem
2237 3793 2461 3860 litigare]
2494 3795 2593 3846 See
2616 3810 2683 3845 on
2706 3811 2753 3844 v.
2770 3814 2799 3856 4
2824 3810 2921 3860 sq„

574 3905 624 3946 4.
690 3882 990 3947 quicumque
1023 3879 1126 3940 ille]
1185 3879 1282 3928 See
1319 3895 1401 3927 vv,
1447 3877 1520 3938 11.,
1561 3877 1665 3926 and
1744 3877 1866 3926 'and
1890 3875 1953 3926 cf.
1978 3877 2079 3926 Tit.
2107 3875 2177 3925 iii.
2206 3889 2253 3940 9.
2322 3876 2424 3924 Per
2442 3875 2591 3938 legem
2627 3875 2671 3924 is
2703 3875 2933 3939 possibly

507 3967 570 4018 cf.
595 3974 752 4032 supra
775 3981 826 4030 p.
854 3975 930 4028 79,
961 3962 997 4012 1.
1027 3964 1084 4012 18
1109 3961 1294 4024 (where
1317 3961 1402 4011 the
1423 3961 1514 4011 full
1537 3961 1667 4010 form
1768 3975 1835 4008 an
1878 3974 2014 4009 error
2057 3957 2134 4007 for
2173 3959 2207 3983 ‘⁸
2228 3972 2321 4023 pro
2360 3955 2527 4020 lege‚”
2572 3972 2631 4006 or
2675 3959 2934 4021 “propter

506 4049 548 4098 is
570 4048 726 4106 seen),
754 4045 854 4094 and
875 4054 912 4092 1.
935 4059 986 4107 p.
1015 4057 1126 4102 242,
1151 4041 1184 4090 1.
1219 4057 1293 4104 14,
1317 4047 1451 4089 note.
1769 4037 1986 4104 legem.''

576 4137 621 4189 7.
682 4132 888 4191 propter
944 4122 1052 4186 hoc]
1129 4123 1196 4172 O.
1223 4123 1283 4171 L.
1341 4123 1440 4170 and
1491 4119 1663 4186 vulg„
1838 4135 1912 4183 23.
1973 4119 2267 4184 gratiarum
2288 4119 2488 4180 actione,
2512 4118 2628 4182 δια]
2660 4118 2772 4168 The
2789 4118 2931 4182 long·

513 4212 551 4237 ‘⁸
569 4207 740 4258 ideo.”
773 4207 842 4255 In
867 4220 942 4254 me
949 4205 1201 4270 primum,
1219 4219 1277 4252 so
1299 4203 1448 4252 Fuld.
1461 4219 1476 4263 5
1519 4203 1662 4261 Am„
1770 4201 1997 4251 deferred
2019 4201 2259 4267 apodosis
2292 4209 2347 4251 to
2379 4202 2529 4266 quasi
2548 4203 2651 4266 ‚qui
2674 4201 2934 4250 ostmdere't

511 4287 778 4357 “primm”
843 4287 1000 4337 Thdt.
1027 4285 1171 4336 reads
1197 4281 1252 4333 ἐν
1283 4286 1388 4342 ἐμοὶ
1421 4285 1667 4346 πρῶτον.
1760 4292 1861 4349 per
1882 4284 2013 4341 haec,
2036 4284 2291 4348 quoniam,
2321 4285 2411 4334 &a
2484 4283 2569 4333 On
2600 4284 2685 4333 the
2714 4298 2933 4348 purpose

509 4371 939 4440 Infhrmationem,
978 4384 1036 4418 so
1075 4368 1228 4432 Aug„
1267 4366 1389 4415 with
1434 4363 1671 4430 Ziegler's
1769 4366 1829 4415 of
1846 4365 1899 4416 S.
1925 4366 2095 4416 Paul’s
2118 4366 2413 4432 doxologies
2435 4382 2519 4416 see
2544 4377 2580 4415 1.
2609 4382 2661 4430 p.
2693 4380 2800 4419 120,
2826 4365 2855 4416 l.
2879 4383 2930 4429 4,

509 4456 687 4520 &agm-
717 4453 818 4502 and
857 4451 944 4501 the
984 4448 1302 4500 Clementine
1333 4447 1510 4512 Vulg.;
1545 4449 1666 4496 Am.
1768 4454 1903 4498 note.
