3250 5025
402 341 853 394 FRAGMENTS
900 343 993 393 OF
1039 341 1195 392 THE
1242 340 1636 393 DOGMATIC
1683 341 1949 392 WORKS
1999 342 2093 394 OF
2139 341 2567 392 THEODORE.
2637 340 2759 407 303

1376 581 1560 642 Boox
1602 597 1717 640 xu.

944 730 993 771 1.
1082 707 1319 792 [Leont.
1365 710 1401 768 l.
1424 730 1463 770 c.
1514 708 1601 789 (ἐκ
1644 712 1746 768 τοῦ
1791 705 1875 786 ιβ’
1917 706 2168 790 λόγου)].

466 844 579 906 Διά
608 849 774 908 τοῦτο
803 843 907 906 οὐκ
948 845 1103 906 εἶπεν
1131 841 1435 905 &Mance-:u
1482 837 1631 903 ι-ἷιυιῖΝ
1681 839 1751 904 ἑκ
1797 848 1877 925 τῷ·
1916 837 2096 924 γῖᾡ*,
2138 841 2293 918 ἀλλ’,
2333 839 2404 904 ἐκ
2451 838 2582 927 γῖῷ,
2619 839 2654 900 ὃ
2696 842 2766 920 δή

346 943 440 1002 καὶ
466 943 773 1025 λεγόμενον
799 941 1094 1006 ἆπολῦτως
1120 939 1421 1019 ἀμφότερα
1449 940 1591 1001 nard
1622 939 1832 1001 ταῦτόν
1867 940 2161 1018 σημαίνειν
2187 939 2444 1018 ἦδῦνατο“
2485 939 2766 1021 πρωτοτῦ-

342 1066 461 1105 πως
502 1043 608 1118 μὲν
650 1045 933 1119 σημαῖνον
974 1038 1070 1101 τόν
1112 1038 1390 1116 ἀληθινόν
1432 1036 1570 1098 υἱόν·
1630 1035 1818 1114 α’,ληθῆ
1855 1037 1916 1098 δὲ
1953 1037 2075 1128 vidi(
2115 1037 2266 1119 λέγω
2303 1037 2403 1098 τᾶν
2437 1040 2510 1118 τῇ
2547 1041 2768 1116 φυσικῇ

339 1137 608 1219 γεννήσει
640 1139 746 1217 τήν
784 1138 1016 1214 υῖότητα
1051 1140 1410 1214 κεκτημένον·
1452 1138 1732 1215 ἑπομένως
1759 1136 1822 1196 δὲ
1847 1135 2360 1217 συνεπιδεχόμενον
2396 1140 2468 1217 τῇ
2501 1136 2767 1215 σημασίᾳ

346 1235 439 1296 καὶ
462 1237 565 1298 τᾶν
590 1236 734 1298 κατὰ
759 1233 1037 1312 α’λήθειαν
1061 1241 1163 1312 τῆς
1189 1233 1345 1308 (ἰξίας
1369 1235 1680 1316 μετέχοντα
1705 1240 1780 1314 τῇ
1805 1233 1949 1314 πρὸς
1975 1233 2146 1296 miv-dv
2171 1233 2381 1296 ἐνόσει.

346 1445 397 1487 2.
487 1423 723 1508 [Leont.
769 1427 808 1486 l.
840 1445 879 1486 c.
932 1424 1019 1504 (ἐκ
1045 1427 1144 1485 τοῦ
1172 1423 1343 1484 adro&
1372 1424 1592 1506 λόγου).
1677 1427 1810 1486 Act.
1846 1427 2035 1488 Cone.
2068 1426 2190 1487 CP.
2225 1423 2280 1485 ii.
2317 1441 2396 1483 ιν.
2431 1426 2508 1498 46
2541 1425 2768 1506 (⁴‘eius-

505 1523 645 1583 dem
692 1543 765 1583 ex
808 1520 1299 1600 interpretatione
1345 1540 1439 1599 ep.
1485 1524 1565 1583 ad
1616 1521 2037 1598 Hebraeos’');
2096 1523 2165 1581 ib.
2202 1540 2256 1582 v.
2305 1523 2368 1599 (“
2383 1542 2458 1582 ex
2497 1522 2767 1584 secundo

504 1620 657 1680 libro
686 1619 890 1698 Cyrilli
918 1619 1274 1680 Theodorus
1286 1619 1355 1696 ³³).
1440 1616 1575 1696 Vig.
1609 1617 1734 1700 47].

408 1747 567 1829 Ἀρα
611 1750 928 1811 παύσονται
974 1749 1182 1811 λοιπόν
1219 1757 1323 1826 τῆς
1362 1748 1509 1809 α’ναι-

344 1849 592 1929 σχῦντσυ
616 1847 823 1929 μάχης,
846 1846 1275 1925 ἀποστήσονται
1304 1849 1365 1908 δὲ
1393 1852 1507 1908 λοι-

343 1947 456 2009 vav
508 1950 610 2023 τῆς
654 1945 895 2024 ματαίας
949 1945 1316 2021 φιλονεικίας,
1368 1945 1510 2004 αἰδε-

345 2040 580 2102 σθέντες
610 2045 724 2099 τῶν
756 2037 1058 2116 εἰρημένων
1094 2039 1162 2098 τὸ
1189 2039 1508 2116 προφανές;

348 2133 622 2208 πολλοῨο
648 2136 778 2220 γάρ,
803 2137 999 2213 φησίν,
1024 2128 1188 2206 rimie
1213 2128 1297 2195 eie
1322 2133 1506 2194 ΔόΞαΝ

344 2228 709 2304 ‹irat-dmm.
800 2226 922 2288 ἱδού
967 2226 1154 2287 τοίνυν
1196 2229 1257 2286 ἐν
1291 2231 1369 2306 τῷ·
1408 2231 1512 2302 τῆς

345 2323 602 2400 υἶότητος
642 2324 798 2408 λόγῳ
840 2324 931 2385 καὶ
973 2321 1444 2402 σινγκατατάττων
1479 2322 1511 2382 ὁ

344 2421 673 2485 α’πόστολος
694 2422 958 2498 φαίνεται
985 2419 1083 2479 τὸν
1102 2417 1510 2496 ἆναληφθέντα

345 2520 642 2599 ἄνθρωπον
677 2524 795 2585 τοῖς
832 2523 1093 2582 πολλοῖς.
1179 2518 1247 2578 οὖ
1288 2518 1413 2580 καθ’
1457 2518 1510 2579 ὁ·

343 2620 585 2695 μαίωσιν
632 2620 862 2681 ἐκείνοις
907 2620 1009 2693 τῆς
1052 2614 1309 2692 υἶότητος
1353 2618 1511 2693 μετέ-

345 2746 479 2799 χων,
502 2718 665 2779 α’λλοῖ
686 2716 811 2779 καθ’
827 2717 1103 2795 ὁμοίωσιν
1120 2716 1246 2778 καθ’
1262 2716 1296 2777 ὃ
1313 2716 1508 2796 χάριτι

344 2817 740 2893 προσείληφεν
772 2816 875 2892 τὴν
902 2814 1155 2890 υἶότητα,
1186 2822 1287 2891 τῆς
1322 2814 1511 2892 θεότη-

344 2938 441 2978 τος
464 2911 641 2991 μόνης
658 2911 764 2989 τὴν
785 2910 1041 2989 φυσικὴν
1060 2912 1295 2987 υἱότητα
1316 2938 1507 2989 κεκτη-

342 3011 533 3087 μένης.
614 3008 904 3088 πρόδηλον
935 3008 1047 3092 γὰρ
1081 3011 1277 3083 ἐκεῖνο,
1308 3007 1381 3071 ὦς
1405 3015 1509 3085 τῆς

344 3105 601 3182 υἱότητος
662 3103 813 3185 αὖτῷ
874 3104 1041 3182 παρὰ·
1080 3104 1211 3168 τους
1268 3104 1511 3169 Rom-mis·

343 3200 669 3280 ἀνθρώπους
730 3203 1050 3279 προσέστιν
1101 3199 1169 3262 vd
1226 3202 1511 3277 ἐξαίρετον

344 3303 418 3379 τῇ
456 3298 599 3375 πρὸς
646 3298 822 3361 αὖτὸν
864 3299 1079 3359 ἔνώσει·
1126 3297 1257 3360 ὅθεν
1300 3298 1394 3359 ’ἰαὶ
1433 3304 1511 3377 τῇ

344 3401 445 3457 τοῦ
476 3400 599 3457 υἱοῦ
633 3400 795 3475 φωνῇ
828 3394 1329 3471 συνεπινοούμενος
1366 3420 1507 3473 συμ-

344 3493 873 3571 παραλαμβάνεται.
952 3489 1111 3551 ἀλλὰ
1140 3494 1509 3577 λογοποιοῦν-

344 3616 439 3653 ται
496 3589 641 3669 πρός
704 3588 852 3668 ἡμᾶς
908 3587 999 3649 ὅτι
1050 3592 1099 3649 εἰ
1156 3588 1256 3649 δύο
1312 3590 1511 3651 τέλεια

344 3686 659 3765 φάσκομεν,
689 3688 908 3751 πάντως
936 3687 1039 3748 δύο
1069 3686 1162 3747 καὶ
1195 3686 1325 3751 τοῦς
1356 3687 1509 3753 vimis·

344 3789 595 3865 ἐροῦμεν.
680 3782 815 3844 ἀλλ’
854 3783 974 3845 ἰδοῦ
1014 3786 1107 3844 καὶ
1142 3786 1260 3848 vids
1292 3785 1507 3862 εἴρηται

346 3888 406 3944 ἐν
431 3887 504 3963 τῇ
532 3883 657 3962 θείᾳ.
681 3886 897 3965 γραφῇ,
928 3884 1049 3944 κατ’
1075 3882 1229 3958 αὐτό,
1262 3887 1362 3960 τῆς
1389 3882 1507 3945 θεό-

340 4008 511 4061 τητος
549 3981 984 4061 ὕπεξῃρημένης,
1012 3986 1131 4046 τοῖς
1159 3983 1383 4044 λοιποῖς
1414 3980 1507 4041 οἶν-

1685 1752 1846 1828 Ergo
1889 1750 2009 1810 iam
2064 1749 2386 1811 cessabunt
2440 1751 2519 1811 ab
2573 1748 2768 1828 impu-

1603 1845 1786 1906 dente
1808 1849 2046 1925 pugna?
2083 1846 2370 1908 desistent
2391 1857 2590 1907 autem
2612 1866 2769 1907 uana

1604 1942 2010 2019 contentione,
2067 1944 2482 2004 erubescentes
2531 1943 2772 2004 euiden-

1604 2037 1749 2097 tiam
1824 2038 2121 2099 dictorum
2139 2041 2167 2099 ?
2239 2041 2534 2118 plurimos
2604 2038 2764 2101 enim

1608 2135 1755 2195 dicit
1792 2135 1958 2212 filios
2019 2137 2080 2195 in
2139 2138 2392 2212 gloriam
2459 2137 2763 2196 ducentem.

1608 2251 1749 2292 ecce
1778 2231 1956 2310 igitur
1981 2231 2042 2291 in
2065 2232 2297 2293 ratione
2313 2231 2612 2293 filiationis
2629 2253 2770 2312 apo-

1608 2332 1796 2390 stolus
1851 2331 2100 2408 adparet
2147 2331 2534 2408 adsumptum
2581 2332 2770 2392 homi-

1608 2448 1747 2488 nem
1791 2429 2002 2490 ceteris
2039 2449 2498 2502 connumerans,
2528 2449 2653 2491 non
2683 2451 2771 2493 se-

1608 2525 1870 2584 cundum
1929 2525 2093 2602 quod
2153 2525 2424 2587 similiter
2470 2526 2584 2587 illis
2629 2526 2771 2588 filia-

1607 2620 1788 2681 tionis
1816 2620 2110 2699 particeps
2151 2633 2258 2695 est‚
2289 2624 2397 2683 sed
2435 2626 2768 2685 secundum

1608 2718 1776 2793 quod
1845 2716 2111 2779 similiter
2169 2718 2358 2796 gratia
2420 2718 2768 2782 filiationem

1606 2815 1960 2893 adsumpsit,
2005 2815 2230 2879 deitate
2271 2821 2400 2879 sola
2437 2822 2767 2881 naturalem

1604 2912 1954 2975 filiationem
2033 2914 2396 2991 possidente.
2537 2929 2768 2978 certum

1604 3008 1768 3071 enim
1833 3022 1924 3072 est
1991 3010 2158 3085 illud,
2235 3013 2402 3088 quod
2469 3014 2770 3076 filiationis

1603 3108 1791 3185 gloria
1833 3120 2066 3186 praeter
2106 3121 2337 3171 ceteros
2375 3112 2652 3173 homines
2685 3111 2770 3171 in-

1605 3222 1698 3271 est
1724 3208 1780 3268 ei
1807 3205 2148 3284 praecipue,
2173 3226 2279 3284 per
2299 3208 2588 3268 unitatem
2610 3228 2767 3286 quae

1605 3315 1696 3365 est
1723 3305 1802 3364 ad
1827 3303 2012 3363 illum.
2084 3304 2250 3364 unde
2278 3316 2338 3365 et
2365 3304 2428 3364 in
2457 3304 2588 3383 ipsa
2613 3326 2768 3369 uoce

1604 3398 1976 3477 significante
2029 3398 2217 3459 filium
2273 3398 2542 3462 similiter
2586 3402 2766 3465 etiam

1602 3495 1704 3555 ille
1759 3496 2300 3572 comprehenditur.
2386 3500 2492 3559 sed
2549 3518 2768 3562 sermo-

1602 3595 1877 3656 cinantur
1916 3595 2000 3655 ad
2033 3614 2182 3655 nos:
2225 3595 2305 3655 ‘si
2342 3597 2468 3657 duo
2505 3599 2766 3675 perfecta

1604 3692 1818 3765 dicitis,
1851 3691 2207 3754 omnimodo
2236 3705 2296 3754 et
2334 3694 2458 3755 duo
2491 3695 2644 3756 filios
2682 3696 2768 3758 di-

1603 3791 1847 3850 cemus!
1915 3791 2023 3850 sed
2065 3809 2210 3851 ecce
2238 3802 2299 3852 et
2335 3790 2539 3853 ‘filius’
2570 3792 2766 3855 dictus

1605 3897 1696 3948 est
1724 3884 1785 3944 in
1815 3885 2020 3946 diuina
2048 3886 2338 3964 scriptura
2356 3908 2463 3965 per
2485 3888 2762 3967 seipsum,

1605 3980 1922 4041 diuinitate
1955 3995 2222 4058 excepta,
2257 3984 2469 4045 ceteris
2514 3986 2765 4047 homini-

2800 2153 2874 2194 10

2803 2638 2873 2698 15

2798 3126 2874 3166 20

2797 3614 2867 3675 25

344 4080 587 4160 θρώποις
623 4078 1089 4161 συντεταγμένος·
1130 4078 1225 4138 καὶ
1258 4076 1362 4139 οὐκ
1398 4076 1508 4154 ἤδη
1598 4079 1714 4139 bus
1781 4092 2262 4154 connumeratus,
2321 4092 2382 4141 et
2451 4100 2576 4142 non
2643 4082 2762 4145 iam
2791 4102 2872 4160 30

439 4227 471 4278 6
504 4230 767 4279 cessabunt
807 4228 905 4278 iam
935 4228 1001 4292 C,

348 4312 406 4363 16
438 4312 651 4377 gratiam
674 4311 951 4375 adsumpsit
976 4308 1233 4358 filiationis
1262 4308 1326 4372 C²

928 4420 954 4447 ⁴
993 4420 1128 4470 Heb.
1156 4421 1188 4467 i.
1222 4438 1263 4469 1.

1156 4240 1182 4289 7
1223 4242 1343 4275 uero
1382 4224 1497 4291 (sor
1534 4222 1720 4289 autem)
1753 4226 1814 4288 C,

1968 4240 1999 4290 9
2040 4226 2224 4276 multos
2260 4226 2374 4292 (fhr
2406 4228 2667 4294 plurimos)
2697 4232 2760 4297 C,

1784 4418 1816 4471 †
1853 4418 1990 4468 Heb-
2017 4418 2068 4467 ii.
2103 4434 2174 4470 ιο.
