3250 5025
331 371 787 426 FRAGMENTS
834 369 928 420 OF
971 367 1127 418 THE
1174 365 1565 417 DOGMATIC
1610 363 1877 415 WORKS
1922 362 2018 414 OF
2061 359 2490 413 THEODORE.
2567 360 2686 428 3²1.

274 544 362 612 καὶ
412 545 779 610 κατέστησας
820 539 1008 615 ΔῨτόΝ
1061 536 1159 605 ἐπὶ
1209 540 1282 604 τὰ
1327 535 1485 623 §pra
1512 537 1646 602 τῶΝ
1697 536 1918 623 χειρῶκ
1975 553 2102 612 cor
2146 538 2347 600 πάΝτο.
2393 535 2690 609 {asulae

270 649 567 723 γ’ποκάτω
609 647 742 710 τῶκ
786 644 1006 708 ποΔῶΝ
1055 641 1242 717 who?
1256 642 1311 678 *¹
1360 643 1577 727 ἐπάγει·
1617 638 1792 723 tohu]
1839 639 1908 703 Δέ
1941 640 2118 726 ΒρΔχΫ
2150 661 2202 703 τι
2233 637 2370 724 παρ’
2401 636 2692 710 ἇΓΓέλογε

273 747 728 813 ι-ἰλαττωμὲωοκ
795 747 1109 810 Merionen
1158 743 1400 817 ἸΗοοῩΝ
1464 743 1555 807 Διά
1616 740 1691 807 τό
1745 745 1996 807 πάθημα
2054 743 2168 816 to?
2227 742 2490 816 θαηάτογ
2542 741 2688 823 idm

275 848 364 916 καὶ
397 857 541 934 ΤΙΜῌ
572 850 1169 926 ἐεΤεΦΛΝωΜέΝΟΝῨ·
1253 854 1453 926 σαφῶς
1483 850 1699 914 δεικνὺς
1724 847 1815 910 ὅτι
1854 848 2077 925 Ἰησοῦς
2117 848 2428 927 ἅνθρωπος,
2456 849 2588 926 περὶ
2625 845 2693 908 οὗ

269 950 302 1011 ό
328 949 605 1030 μακάριος
630 949 825 1029 Δαβίὸ
852 955 1036 1026 φησιν
1073 946 1541 1026 ἐκπληττόμενος,
1571 946 1664 1007 ὅτι
1697 945 1734 1022 ἡ
1763 948 1888 1007 θεία
1916 944 2093 1023 φύσις
2117 943 2402 1026 ἠνέσχετό
2428 971 2492 1006 τε
2517 942 2692 1005 αιῖτοΰ
2759 957 2793 1020 5

270 1047 629 1124 ποιήσασθαι
658 1047 887 1127 μνήμην
928 1048 1021 1106 καὶ
1061 1045 1131 1122 δή
1174 1045 1267 1105 καὶ
1306 1043 1656 1122 ἐπισκέψεως
1681 1041 1984 1115 ἀξιώσασα
2019 1045 2225 1107 οἰκείας
2259 1041 2452 1122 βραχι)
2491 1041 2596 1120 μέν
2634 1068 2694 1102 τι

270 1147 425 1224 παρὰ
460 1147 591 1212 τούς
630 1147 913 1230 ἀγγέλους
953 1143 1123 1205 αὕτόν
1159 1145 1481 1203 ἐλαττῶσαι
1516 1147 1593 1221 τῷ
1633 1140 1955 1224 γεύσασθαι
1981 1144 2224 1217 ποιῆσαι
2252 1138 2511 1202 θανάτου·
2554 1139 2692 1220 δόξῃ

274 1247 334 1308 δὲ
368 1245 536 1310 αὐτόν
574 1248 669 1307 καὶ
703 1248 839 1326 τιμῇ
878 1242 1043 1324 πάσῃ
1082 1244 1442 1321 περιβαλεῖν,
1474 1240 1625 1302 ὥστε
1669 1243 1763 1302 καὶ
1805 1239 1998 1320 κύριον
2038 1239 2210 1300 αύτόν
2249 1237 2543 1318 α’ποφῆναι
2582 1241 2693 1299 τῶν

273 1342 549 1417 ἁπάντων,
580 1340 675 1402 Sui
700 1345 802 1420 τῆς
826 1339 969 1420 πρός
996 1338 1193 1400 ἔαυτόν
1218 1339 1545 1416 συναφείας.

396 1469 511 1554 [Cf.
558 1473 758 1550 fragm.
806 1469 867 1530 in
913 1472 1005 1529 Ps.
1037 1467 1155 1529 viii.
1200 1477 1293 1545 ap.
1339 1465 1554 1544 Justin.
1600 1465 1767 1542 infra
1810 1466 1895 1544 (ἐν
1935 1466 2008 1544 τῇ·
2049 1464 2314 1543 ἑρμηνείᾳ
2351 1465 2452 1523 τοῦ
2488 1460 2694 1542 ὀγδόου
2765 1461 2782 1470 ”

272 1572 550 1650 ψαλμοῦ),
584 1573 793 1631 Leont.
825 1570 865 1628 l.
885 1588 959 1642 c.;
1000 1568 1156 1638 Lat„
1185 1576 1277 1643 ap.
1313 1565 1501 1627 Cone.
1535 1564 1658 1626 CP.
1689 1563 1746 1624 ii.
1781 1581 1860 1622 ιν.
1897 1584 1989 1642 19,
2020 1562 2152 1641 Vig.
2190 1560 2307 1644 20].

434 1799 490 1859 5.
576 1778 816 1862 [Justin.
846 1781 883 1839 l.
908 1797 949 1838 c.
986 1775 1073 1858 (ἐν
1112 1778 1189 1856 τῷ
1229 1773 1478 1854 τετάρτῳ
1519 1773 1678 1856 λόγῳ
1719 1778 1829 1835 τῶν
1871 1773 2017 1837 κατοὶ
2056 1772 2533 1856 Ἀπολιναρίου)].

394 1913 699 1988 Αὗταρκῶς
726 1907 797 1986 δή
825 1905 890 1967 τὰ
920 1905 1198 1984 διάφορον
1224 1909 1334 1966 τῶν
1362 1902 1597 1982 φύσεων
1621 1904 1758 1983 ἤμῖν
1783 1903 2186 1966 ύποδείκνυσιν
2213 1903 2306 1966 Sui.
2325 1902 2556 1978 τούτων,
2577 1904 2692 1984 εἴγε
2716 1915 2798 1970 10

271 2010 337 2071 τό
363 2012 471 2088 μὲν
500 2006 874 2085 ἐκπλήττεται
900 2004 973 2068 οἷς
1000 2003 1071 2066 δι’
1096 2003 1433 2082 ὑπερβολήν
1461 2004 1895 2081 φιλανθρωπίας
1928 2002 2199 2082 ἑλόμενον
2233 2001 2464 2080 μνήμην
2498 2027 2564 2062 τε
2599 2001 2694 2062 καὶ

274 2109 579 2184 ἐπίσκεψιν
624 2102 987 2180 ποιήσασθαι
1026 2104 1127 2161 τοῦ
1170 2099 1343 2163 οὕτως
1384 2098 1670 2163 ειῖτελοῦς·
1724 2099 1824 2161 τὸν
1866 2101 1927 2161 δὲ
1965 2101 2322 2179 μακαριστόν
2359 2101 2581 2184 ἡγεῖται
2621 2101 2693 2167 οἷς

272 2203 543 2266 τοιούτων
567 2201 891 2281 ἠξιωμένον.
966 2198 1128 2258 ἄλλο’,
1154 2197 1267 2281 γὰρ
1296 2195 1471 2260 οὕτως
1496 2199 1603 2273 μὲν
1629 2195 1736 2274 τήν
1762 2223 1826 2258 τε
1855 2198 2134 2276 διαίρεσιν
2169 2200 2280 2258 τῶν
2307 2197 2542 2275 φύσεων
2571 2224 2694 2260 ποι-

275 2308 435 2376 εἳται,
465 2303 557 2363 καὶ
589 2301 705 2378 μὴν
740 2299 833 2359 καὶ
866 2297 971 2374 τήν
1009 2294 1292 2373 διαφορὰν
1322 2299 1426 2371 τῆς
1466 2321 1529 2355 τε
1570 2298 1673 2354 τοῦ
1714 2294 2006 2372 λαβόντος
2046 2293 2275 2372 φύσεως
2318 2297 2412 2357 καὶ
2449 2299 2552 2374 τῆς
2591 2299 2693 2357 τοῦ

273 2401 599 2479 ληφθέντος
638 2399 776 2477 ἡμῖν
820 2396 1220 2458 ύποδείκνυσιν
1258 2393 1298 2472 η’
1340 2395 1465 2457 θεία
1504 2392 1724 2477 γραφή·
1782 2393 2170 2472 φροντίζουσα
2211 2395 2273 2455 δὲ
2311 2398 2416 2454 τοῦ
2455 2394 2550 2454 καὶ
2588 2394 2694 2472 τήν
2717 2407 2797 2473 15

273 2501 479 2563 ἕνωσιν
508 2497 647 2577 ἡμῖν
676 2493 1071 2558 ὑποδεικνύναι
1106 2491 1145 2571 ἣ
1180 2494 1257 2573 τῷ
1292 2491 1576 2569 ληφθέντι
1610 2492 2020 2574 προσγέγονεν,
2051 2491 2212 2574 λέγει
2245 2489 2532 2556 πολλάκις
2567 2491 2693 2555 καθ’

274 2600 477 2659 ἕνωσιν
526 2596 599 2658 τοῖ
646 2593 881 2672 ἑκάτερα
918 2597 1030 2655 τῶν
1069 2591 1301 2670 φύσεων
1342 2590 1658 2663 ἰδιαζόντως
1696 2589 2009 2670 προσόντα,
2051 2590 2124 2655 ὥς
2162 2590 2233 2653 ἂν
2270 2593 2378 2668 τὴν
2414 2590 2556 2671 πρὸς
2594 2590 2696 2654 τόν

273 2693 537 2775 λαβόντα
573 2693 777 2753 ἕνωσιν
817 2695 917 2753 τοῦ
959 2691 1283 2768 ληφθέντος
1320 2688 1459 2766 ἡμῖν
1496 2686 1984 2767 παραδηλῶσειεν,
2014 2687 2126 2751 ὅσα
2166 2715 2229 2750 τε
2268 2686 2449 2771 τούτῳ
2491 2694 2553 2751 ἐκ
2592 2693 2694 2767 τῆς

271 2794 413 2873 πρός
454 2795 667 2852 ἐκεῖνον
705 2789 943 2873 γέγονεν
983 2788 1309 2865 συναφείας.

372 3026 533 3109 [Fac.
566 3044 629 3087 x.
666 3047 692 3086 1
729 3025 793 3108 (“
812 3026 898 3088 sic
938 3025 1101 3088 enim
1142 3025 1289 3086 dicit
1330 3024 1393 3085 in
1434 3022 1730 3103 principio
1770 3022 2081 3085 cuiusdam
2123 3024 2213 3085 sui
2255 3023 2454 3103 operis
2494 3023 2591 3085 cui

679 3124 917 3184 titulum
960 3122 1127 3184 dedit
1173 3124 1267 3183 De
1304 3123 1682 3201 Apollinan‘o
1719 3130 1778 3181 et
1811 3123 1933 3182 eius
1971 3123 2198 3182 haeresi
2207 3120 2307 3203 '')].

395 3250 555 3308 Ante
612 3246 853 3325 triginta
909 3246 1072 3307 enim
1126 3245 1247 3306 iam
1288 3265 1483 3306 annos
1527 3248 1630 3305 De
1667 3248 2080 3307 Incarnatione
2123 3246 2380 3306 Domini
2418 3245 2693 3308 codicem
2723 3260 2799 3301 20

271 3343 737 3422 conscripsimus
764 3363 955 3427 usque
980 3343 1059 3404 ad
1088 3342 1431 3420 quindecim
1460 3341 1648 3403 millia
1675 3362 1954 3404 uersuum
1991 3343 2449 3420 pertingentem,
2478 3342 2541 3403 in
2571 3364 2694 3421 quo

272 3442 399 3503 Arii
427 3451 487 3504 et
518 3440 800 3503 Eunomii
828 3443 906 3502 de
934 3443 1049 3501 hac
1081 3460 1145 3501 re
1174 3441 1394 3501 delicta
1420 3459 1662 3502 necnon
1691 3441 1871 3503 etiam
1899 3438 2254 3519 Apollinarii
2280 3460 2506 3501 uanam
2528 3461 2694 3518 prae-

272 3538 677 3617 sumptionem
723 3559 833 3616 per
880 3549 1073 3600 totum
1116 3536 1263 3597 illud
1309 3556 1465 3613 opus
1510 3539 2022 3615 examinauimu53
2064 3550 2130 3599 ut
2168 3538 2332 3613 nihil,
2378 3538 2531 3599 sicut
2558 3558 2694 3600 mea

271 3638 383 3698 fert
437 3637 664 3715 opini0,
722 3636 1101 3715 praeterixem
1158 3656 1233 3697 ex
1280 3634 1373 3695 his
1415 3654 1571 3712 quae
1621 3648 1681 3697 et
1725 3638 1805 3699 ad
1863 3638 2200 3700 firmitatem
2256 3636 2694 3701 ecclesiasticae

272 3732 663 3794 orthodoxiae
709 3733 1075 3811 pertinerent
1120 3744 1181 3794 et
1221 3733 1299 3793 ad
1341 3733 1824 3795 conuincendam
1869 3754 2072 3795 eorum
2107 3734 2496 3813 impietatem.
2583 3734 2692 3801 sed
2721 3741 2793 3804 25

270 3828 335 3888 hi
372 3828 475 3906 qui
514 3830 719 3891 omnia
751 3831 1030 3894 facillime
1068 3840 1472 3911 praesumunt,
1511 3842 1571 3890 et
1608 3842 1913 3909 praeterea
1946 3852 2175 3893 rursum
2213 3834 2290 3895 ab
2318 3830 2690 3911 Apollinario

272 3926 375 4005 qui
423 3926 705 4006 princeps
748 3929 925 3990 huius
966 3928 1224 3991 haeresis
1268 3930 1459 3987 fuerat
1504 3926 1782 4002 instituti,
1819 3931 2099 3990 omnibus
2134 3930 2379 4007 quidem
2425 3929 2694 3991 similiter

272 4026 667 4089 sentientibus
712 4045 867 4104 opus
914 4037 1181 4087 nostrum
1216 4022 1599 4084 manifestum
1630 4027 1902 4087 fecerunt
1928 4026 1979 4086 si
2006 4046 2128 4104 quo
2157 4029 2344 4089 modo
2371 4026 2572 4105 aliqua
2597 4026 2687 4089 in-

271 4121 544 4184 uenirent
578 4121 842 4183 ualentia
878 4123 959 4183 ad
996 4120 1480 4183 conuincendum
1509 4141 1583 4182 ea
1620 4142 1778 4199 quae
1812 4123 1876 4183 in
1919 4143 1993 4184 eo
2037 4133 2176 4184 sunt
2219 4123 2450 4201 scripta.
2537 4145 2688 4203 quo-

272 4219 432 4281 niam
461 4239 605 4281 uero
634 4222 835 4281 nullus
864 4230 1073 4281 contra
1098 4228 1401 4280 certamen
1425 4218 1660 4297 scriptis
1689 4221 1988 4299 suscipere
2018 4222 2451 4298 praesumebat,
2473 4221 2688 4285 imitati
2715 4234 2797 4295 30

271 4329 413 4379 sunt
454 4317 723 4381 infirmos
757 4318 1009 4379 athletas
1041 4328 1101 4378 et
1145 4316 1416 4391 callidos,
1444 4318 1548 4395 qui
1577 4321 1722 4380 dum
1751 4338 1876 4380 non
1904 4329 2156 4397 possent
2183 4329 2393 4381 contra
2418 4320 2762 4415 fortiores432

861 4448 889 4475 ⁴*
930 4450 1068 4500 Heb.
1092 4450 1145 4500 ii.
1173 4448 1207 4500 6
1226 4466 1295 4516 sq.
1724 4448 1760 4503 †
1795 4450 1930 4500 Heb.
1959 4449 2013 4499 ii.
2038 4464 2086 4515 9.

444 4561 498 4615 S.
558 4560 636 4616 11.
2431 4562 2508 4611 21
