3250 5025
542 377 668 442 174
1208 374 1665 426 Tneononus
1714 374 2300 428 MOPSUESTENUS
2628 361 2774 446 [VI.
2818 380 2867 439 1,
2900 380 2954 426 2.

657 557 812 630 post
843 546 970 611 hoc
1002 548 1245 612 adiecit
1278 557 1346 612 et
1377 549 1464 612 de
1493 549 1743 613 seruis:

653 699 723 763 si
761 701 881 782 qui
917 701 1036 765 sub
1083 701 1232 785 iugo
1275 712 1433 766 sunt
1471 701 1666 780 serui,
1708 702 2002 766 dominos
2036 724 2185 765 suos
2221 701 2405 766 omni
2446 702 2681 764 honore
2725 701 2958 786 dignos

522 823 654 866 esse
677 803 1088 882 existimem,-
1121 816 1198 870 ut
1225 827 1350 870 non
1383 827 1606 870 nomen
1636 806 1773 869 Dei
1795 815 1857 869 et
1884 806 2179 870 doctrina
2210 805 2693 888 blasphemetur.

655 931 820 997 haec
852 933 936 998 de
968 933 1096 997 illis
1137 935 1363 1000 scribit
1409 936 1523 1018 qui
1557 933 1862 999 infideles
1894 934 2146 999 habent
2176 934 2507 1010 dominos
2540 935 2956 1018 praecipiens

461 1036 620 1113 seis
667 1048 742 1101 ut
796 1059 995 1102 omne
1032 1039 1427 1122 obsequium
1473 1040 1611 1102 suis
1667 1039 2034 1121 praebeant
2084 1037 2394 1114 dominis
2442 1037 2596 1102 licet
2642 1039 2699 1102 si
2742 1040 2876 1103 sint
2913 1061 2954 1102 a

523 1141 776 1223 pietate
806 1141 1045 1222 alieni;
1089 1153 1162 1207 ut
1209 1163 1343 1206 non
1387 1141 1543 1205 hinc
1589 1140 2005 1224 blasphemia
2052 1141 2278 1224 aliqua
2324 1140 2475 1204 Deo
2520 1150 2639 1205 aut
2682 1142 2954 1224 pietatis

523 1247 864 1312 doctrinae
905 1248 1326 1330 adpingatur,
1359 1245 1905 1310 existimantibus
1952 1243 2079 1307 illis
2124 1243 2305 1326 quod
2354 1244 2448 1308 ita
2494 1264 2609 1307 eos
2648 1244 2949 1309 institua-

528 1371 678 1415 mus
731 1360 806 1415 ut
853 1360 1338 1435 contempnant
1397 1350 1711 1415 dominos
1769 1370 1940 1414 suos,
2031 1351 2349 1432 quoniam
2404 1359 2631 1414 autem
2685 1351 2771 1413 de
2822 1349 2949 1412 illis

524 1456 728 1521 seruis
782 1456 945 1521 dicit
995 1458 1108 1539 qui
1171 1456 1473 1520 infideles
1525 1455 1834 1520 dominos
1895 1455 2148 1519 habent
2210 1455 2486 1519 euidens
2546 1465 2648 1518 est
2724 1464 2791 1518 et
2856 1475 2945 1516 ex

422 1575 500 1623 10
523 1557 763 1639 quibus
792 1559 969 1622 dixit
998 1581 1011 1622 :
1057 1569 1136 1622 ut
1162 1580 1242 1623 ne
1281 1558 1578 1622 doctrina
1603 1558 1741 1622 Dei
1764 1558 1917 1622 ltine
1954 1558 2437 1642 blasphemetur.
2529 1558 2946 1622 manifestius

524 1682 684 1725 uero
717 1661 783 1725 id
815 1663 1190 1727 ostenditur
1221 1673 1288 1728 et
1323 1683 1413 1727 ex
1447 1662 1575 1726 illis
1606 1683 1782 1745 quae
1812 1671 2224 1745 sequuntur;
2266 1663 2513 1726 adiecit
2546 1663 2723 1726 enirn
2760 1686 2773 1725 :

652 1821 769 1905 qui
815 1832 1029 1886 autem
1064 1821 1295 1905 fideles
1333 1821 1568 1886 habent
1609 1821 1905 1885 dominos
1946 1843 2073 1886 non
2121 1832 2579 1905 contempnunt,
2634 1823 2943 1906 quoniam

503 1925 771 2007 fratres
811 1936 969 1990 sunt
983 1950 1013 2002 ,·
1057 1927 1176 1990 sed
1208 1927 1426 2010 magis
1457 1928 1768 2002 seruiant,
1813 1926 2120 2011 quoniam
2147 1927 2381 2012 fideles
2423 1939 2583 1992 sunt
2622 1939 2685 1993 et
2729 1927 2951 1992 dilecti

518 2031 640 2113 qui
664 2032 1101 2116 beneficiorum
1128 2043 1285 2096 sunt
1295 2032 1665 2116 participes.

419 2181 488 2248 15
653 2162 932 2227 ‘iustum
981 2161 1267 2246 (inquit),
1317 2171 1422 2227 est
1467 2173 1541 2228 ut
1589 2172 1657 2226 et
1713 2163 1782 2226 hi
1845 2184 1977 2227 non
2042 2163 2612 2246 contemplatione
2672 2164 2942 2247 pietatis

519 2285 674 2330 suos
697 2277 1180 2350 contempnant
1201 2268 1508 2332 dominos
1539 2269 1651 2351 qui
1678 2270 1961 2352 benigne
1990 2289 2141 2333 cum
2176 2267 2303 2333 illis
2327 2278 2551 2351 agunt,
2578 2267 2694 2332 sed
2728 2267 2943 2332 multo

522 2371 736 2454 magis
783 2371 1028 2435 debent
1083 2373 1176 2435 eis
1226 2372 1469 2436 seruire
1517 2374 1708 2455 quasi
1758 2372 2087 2446 fidelibus,
2143 2375 2255 2456 qui
2306 2381 2375 2437 et
2424 2373 2615 2455 diligi
2667 2382 2942 2456 propter

519 2477 715 2561 ipsud
750 2476 998 2540 debent
1038 2476 1125 2539 ab
1165 2477 1276 2552 εἰς,
1310 2485 1379 2540 et
1410 2475 1525 2540 illa
1565 2475 1672 2540 uel
1721 2477 2024 2540 maxime
2064 2497 2267 2541 causa
2308 2497 2441 2560 qua
2482 2477 2773 2561 benigne
2814 2475 2943 2541 illis

520 2594 810 2648 utuntur.
900 2584 1027 2645 hoc
1074 2581 1250 2644 enim
1306 2581 1467 2644 dicit
1510 2581 1630 2662 qui
1675 2580 2111 2663 beneficiorum
2160 2590 2319 2643 sunt
2357 2580 2749 2662 participes:
2814 2579 2941 2642 hoc

623 2734 642 2767 1
680 2717 804 2767 haec
827 2718 894 2767 H
915 2714 922 2779 Ι
949 2716 1103 2766 adicit
1130 2716 1174 2765 C
1195 2732 1228 2764 r
1549 2730 1577 2765 *ι
1613 2714 1790 2779 siquis
1812 2716 1879 2763 H
1916 2714 2215 2780 quicumque
2240 2713 2303 2777 νΙ
2333 2714 2468 2777 dign.
2498 2729 2545 2762 o.
2574 2713 2623 2763 h.
2653 2713 2794 2762 exist.
2824 2727 2890 2761 ne
2922 2712 2947 2759 i

517 2800 607 2861 (sa
627 2799 754 2858 note)
976 2812 1004 2860 3
1038 2797 1337 2847 arbitrentur
1371 2811 1436 2844 ne
1472 2810 1522 2843 n.
1548 2794 1739 2843 domini
1780 2810 1813 2843 r
2022 2810 2049 2857 5
2084 2793 2125 2843 si
2163 2808 2241 2842 om
2270 2794 2315 2841 C
2334 2808 2365 2839 r
2384 2793 2409 2839 i
2598 2788 2630 2839 6
2668 2788 2939 2853 aliquando

519 2880 632 2944 (sor
652 2880 715 2928 al.
748 2877 879 2941 Deo)
903 2878 970 2927 H
989 2876 996 2941 Ι
1026 2876 1328 2941 uituperiurn
1365 2874 1472 2939 (bes
1494 2875 1638 2938 piet.)
1662 2875 1767 2922 add
1784 2890 1817 2922 r
1993 2889 2052 2924 ιο
2084 2888 2176 2922 nec
2202 2872 2319 2936 (for
2337 2871 2421 2929 ne)
2450 2870 2495 2918 C
2692 2882 2745 2917 ιι
2784 2866 2938 2916 adicit

523 2960 569 3008 C
584 2976 617 3008 r
846 2973 921 3018 ιι,
955 2973 1012 3021 ¹3
1047 2958 1164 3022 quia
1188 2954 1302 3021 (for
1319 2953 1577 3021 quoniam)
1601 2972 1634 3003 r
1854 2970 1911 3018 ¹3
1950 2953 2039 3003 dil.
2063 2953 2225 3004 benef.
2254 2960 2368 3001 sunt
2390 2948 2639 3015 particeps
2667 2948 2744 2997 C*
2803 2948 2855 2997 d.
2882 2947 2932 2996 b.

515 3044 602 3109 qui
624 3048 738 3092 sunt
759 3041 1028 3107 participes
1055 3040 1098 3089 C
1119 3037 1263 3103 (corr)
1320 3037 1371 3088 d.
1389 3038 1440 3087 b.
1469 3037 1739 3102 participes
1760 3045 1875 3086 sunt
1896 3038 1958 3086 H
2024 3036 2074 3084 d.
2101 3035 2151 3083 b.
2176 3044 2291 3082 sunt
2315 3030 2583 3099 participes
2604 3046 2637 3078 r
2772 3042 2827 3093 15
2860 3036 2938 3079 est

397 3159 400 3163 -
509 3132 565 3173 et
587 3124 680 3173 hos
707 3123 750 3172 C
769 3122 836 3171 H
891 3130 966 3171 est
989 3129 1044 3173 ut
1067 3127 1116 3170 et
1138 3120 1232 3170 hos
1254 3135 1287 3168 r
1310 3118 1319 3184 Ι
1350 3118 1677 3182 templatione
1704 3118 1815 3182 (sor
1834 3118 1989 3178 cont.)
2014 3118 2078 3166 H
2329 3112 2385 3163 16
2420 3120 2473 3162 ut
2498 3113 2603 3176 (bes
2610 3112 2747 3171 suos)
2770 3110 2875 3159 add
2898 3110 2941 3159 C

517 3205 666 3267 (corr)
862 3206 920 3253 18
953 3204 1017 3253 de
1042 3201 1148 3269 (bes
1156 3200 1322 3265 causa)
1345 3202 1452 3250 add
1467 3218 1499 3249 r

583 3355 628 3390 α.
708 3340 756 3389 si
795 3336 1130 3404 qui...alieni]
1199 3336 1350 3387 cited
1385 3336 1454 3401 by
1495 3336 1588 3385 Ivo
1628 3334 1686 3383 of
1779 3334 2086 3386 beneficia
2119 3330 2447 3400 percipiunt.”

515 3422 768 3478 Chartam,
805 3420 972 3469 decret.
1013 3432 1131 3469 xvx.
1155 3422 1234 3483 83.
1303 3417 1499 3483 (Migne
1529 3418 1589 3467 P.
1615 3418 1680 3467 L.
1854 3430 1926 3477 15.
1964 3411 2630 3473 iustum-..estutdlti,&c.]
2664 3412 2761 3462 See
2776 3427 2858 3459 vv.
2879 3410 2931 3459 11.

521 3503 607 3556 161
651 3504 760 3566 [not
809 3516 914 3565 172,
959 3518 1015 3551 as
1051 3502 1212 3551 stated
1253 3500 1306 3549 in
1342 3500 1441 3549 vol.
1479 3510 1517 3547 1.
1554 3515 1604 3563 p.
1641 3498 1676 3555 1.
1784 3498 1975 3548 Earlier
2010 3497 2167 3549 MSS.
2203 3496 2417 3563 perhaps
2450 3494 2679 3545 wavered
2711 3494 2938 3544 between

520 3598 638 3639 note
661 3587 729 3649 ²]-
757 3588 892 3651 9²¹·)
1780 3580 2367 3655 iustum...c031tempnere
2412 3576 2513 3626 and
2569 3574 2760 3625 iustum
2815 3581 2932 3623 ut...

577 3673 624 3721 si
666 3670 775 3735 qui,
825 3668 942 3731 Da]
1009 3668 1158 3717 Latin
1213 3666 1448 3721 versions‚
1489 3665 1520 3689 “
1537 3673 1680 3729 quot·
1780 3665 2142 3724 contempnunt.
2227 3658 2371 3707 with
2416 3657 2501 3707 the
2544 3671 2727 3706 comm.
2766 3670 2931 3719 comp.

514 3762 637 3820 quot
656 3754 685 3775 ”
707 3770 746 3802 s.
777 3747 1181 3816 “quicumque,”
1202 3744 1514 3798 “Domini.”
1571 3748 1681 3797 Ex·
1782 3742 1962 3792 Thdt.:
2006 3740 2130 3802 μήτε
2162 3738 2257 3801 μὴν
2294 3742 2341 3790 οἱ
2377 3736 2589 3802 εὐσεβεῖς
2624 3740 2822 3799 ἔχοντες
2860 3738 2933 3785 δε·

515 3836 735 3885 istiment
757 3832 798 3882 is
828 3832 984 3899 found
1011 3832 1061 3880 in
1086 3826 1320 3895 Ziegler’s
1355 3828 1550 3893 fragm„
1578 3827 1680 3877 and
1782 3822 1967 3873 στότας
1992 3818 2391 3885 καταφρονήσεως
2410 3820 2793 3883 λαμβανέτωσαν
2819 3814 2931 3879 πρό-

517 3924 578 3965 ut
597 3933 698 3965 non
721 3912 772 3963 in
797 3913 926 3964 Cod.
958 3914 1179 3963 Clarom.
1779 3912 1931 3967 φασιν
1951 3902 2041 3964 τὴν
2062 3902 2243 3953 τούτων
2266 3901 2533 3966 εὐσέβειαν.

581 4016 626 4061 4.
697 3996 756 4045 de
809 3996 913 4045 illis
964 4008 1058 4043 scr.
1113 3994 1207 4058 qui
1263 3991 1496 4057 infideles,
1555 3990 1674 4051 δια]
1850 4001 1923 4051 ι9.
1994 3986 2081 4034 hoc
2110 3984 2241 4035 enim
2272 3985 2404 4044 dicit,
2442 3983 2560 4045 δια]
2628 3982 2726 4032 1.e.
2766 3982 2813 4031 ol
2848 3978 2933 4041 τῆς

515 4080 695 4129 Thdt:
744 4075 902 4127 ταῦτα
949 4078 1060 4139 περὶ
1095 4077 1329 4124 ἀπίστους
1353 4068 1569 4135 ἐχόντων
1604 4074 1677 4121 δε-
1778 4066 1935 4129 εὖεργ.
1958 4064 2111 4117 ‹im-ck.
2138 4066 2332 4131 assigns
2358 4082 2389 4115 a
2410 4065 2599 4115 firrther
2621 4079 2797 4115 reason
2818 4063 2933 4125 why

515 4158 703 4210 στὸν-ας
723 4161 879 4219 λέγει.
1776 4148 2031 4200 Christian
2084 4157 2293 4198 masters
2346 4147 2526 4198 should
2577 4146 2641 4196 be
2684 4144 2934 4209 faithfuuy

589 4257 661 4305 14.
733 4238 1096 4304 beneficiorum]
1177 4238 1244 4289 O.
1267 4238 1324 4288 L.
1363 4238 1463 4287 and
1497 4238 1668 4301 Vulg„
1774 4230 1983 4287 served3
2034 4229 2180 4295 ‘they
2218 4246 2303 4279 are
2338 4228 2459 4279 such
2502 4243 2557 4277 as
2592 4228 2807 4279 labour
2842 4226 2933 4277 t'or

520 4320 854 4373 “beneficii.'’
921 4322 1030 4371 Our
1051 4320 1315 4369 translator
1337 4318 1428 4370 has
1453 4318 1673 4384 perhaps
1774 4312 1905 4364 their
1936 4312 2177 4364 semnts’
2213 4310 2381 4377 good)
2462 4311 2535 4363 So
2568 4309 2771 4376 Chrysa
2816 4306 2931 4359 κότ·

513 4407 641 4455 been
685 4402 966 4453 influenced
1010 4401 1077 4464 by
1123 4400 1206 4451 the
1257 4416 1440 4450 comm.
1487 4398 1668 4465 <inst-a,
1773 4413 1937 4445 ron-aa
1980 4397 2059 4446 καὶ
2096 4395 2513 4458 ταλαιπωροῦντα
2546 4392 2671 4457 ὑπὲρ
2702 4390 2788 4453 τῆς
2824 4390 2933 4453 niue·

513 4488 546 4537 1.
605 4482 710 4551 19)3
778 4482 841 4533 cf.
887 4483 1116 4532 however
1165 4480 1438 4529 Ambrstr.:
1499 4479 1667 4543 “quia
1770 4480 1907 4541 τέρας
1958 4474 2289 4529 ἀναπαύσεως.
2378 4478 2501 4528 Oec.
2555 4474 2654 4541 (διὰ
2688 4476 2839 4535 μέσον
2879 4476 2933 4525 δέ
