3250 5025
444 298 571 349 202
1097 296 1557 351 THEonossus
1604 292 2195 347 MoPsUESTENus
2393 280 2470 366 [Ι.
2513 280 2772 346 16—11.
2811 295 2862 342 1.

445 493 535 536 ex
583 472 713 538 illis
762 494 937 557 quae
984 473 1297 539 accidunt
1348 473 1650 539 tristitiis.
1741 480 1982 555 reputa
2029 480 2260 535 autem
2310 469 2428 535 illa
2471 491 2646 555 quae
2705 489 2866 553 erga

446 596 555 641 me
587 576 869 653 fiunt,·et
899 578 1217 660 quoniam
1258 577 1371 662 qui
1412 577 1724 641 uidentur
1763 594 2153 639 communes
2188 574 2382 639 nobis
2426 595 2573 639 esse
2615 574 2686 637 in
2731 572 2864 636 fide

445 700 679 743 omnes
712 701 820 744 me
850 680 917 743 in
946 678 1119 744 Asia
1150 679 1569 765 reliquerunt,
1604 700 1695 743 ex
1736 678 1978 763 quibus
2015 678 2285 761 Figelus
2321 688 2425 744 est
2464 689 2533 743 et
2579 680 2868 743 Hermo-

446 782 683 866 genes?
775 794 1181 849 memoratus
1214 793 1315 849 est
1346 794 1573 849 autem
1605 783 1843 847 horum
1896 784 2318 848 memoratim
2361 804 2442 848 eo
2483 784 2666 868 quod
2697 784 2867 849 forte

384 890 749 961 Somnium
802 888 1092 953 deterius
1140 888 1485 953 arbitrium
1536 908 1694 970 erga
1747 885 2128 969 apostolum
2177 886 2244 949 in
2293 886 2516 951 Deum
2559 889 2869 951 ostende-

450 1004 620 1059 runt.
708 992 838 1057 hoc
894 994 1167 1077 quidem
1227 993 1314 1057 ad
1378 991 1904 1057 consolationem
1966 1000 2034 1055 et
2109 991 2614 1055 instructionem
2690 992 2869 1057 dixit

452 1096 811 1177 Timothei,
860 1109 936 1163 ut
984 1119 1118 1162 non
1155 1098 1452 1181 grauiter
1500 1098 1671 1161 ferat
1730 1118 1930 1180 super
1983 1095 2112 1159 illis
2161 1097 2447 1160 tristitiis
2497 1117 2672 1181 quae
2739 1097 2866 1161 sibi

452 1202 763 1266 accidunt
782 1227 799 1283 ;
843 1203 1205 1269 adhortans
1248 1226 1407 1267 uero
1438 1224 1591 1268 eum
1623 1202 1711 1266 ad
1759 1201 2033 1267 meliora
2077 1211 2486 1266 memoratus
2523 1209 2626 1266 est
2666 1201 2869 1265 etiam

450 1306 639 1371 illum
672 1308 785 1391 qui
817 1306 1139 1370 dissimile
1168 1306 1513 1371 arbitrium
1542 1306 1782 1370 habuit
1812 1326 1827 1369 :

354 1466 433 1515 10
586 1458 694 1524 det
724 1460 989 1544 (inquit)
1022 1460 1353 1524 Dominus
1382 1456 1896 1523 miserti-ordinm
1933 1456 2270 1541 Onesif‘ori
2293 1456 2534 1536 domui,
2565 1456 2872 1540 quoniam

440 1565 826 1648 frequenter
878 1584 979 1627 me
1048 1564 1477 1647 refrigerauit
1518 1574 1583 1628 et
1629 1572 1922 1629 catenam
1971 1583 2184 1627 meam
2243 1584 2370 1627 non
2427 1562 2702 1639 erubuit,
2761 1562 2880 1625 sed

456 1688 603 1731 cum
630 1666 975 1746 =uenis-sem
1032 1666 1284 1731 Romae
1331 1666 1597 1731 sollicite
1647 1688 1748 1731 me
1793 1666 2148 1749 exquisiuit
2191 1675 2257 1731 et
2305 1666 2572 1733 inuenit.
2661 1670 2772 1733 det
2815 1668 2881 1734 ei

458 1771 788 1837 Dominus
816 1758 1329 1837 mesericordiam
1362 1772 1653 1838 inuenire
1679 1794 1724 1836 a
1758 1771 2043 1836 Domino
2081 1772 2151 1837 in
2183 1771 2303 1839 illa
2331 1771 2452 1838 die.
2539 1782 2602 1837 et
2628 1781 2876 1856 quanta

458 1874 709 1959 Ephesi
732 1874 1217 1940 ministranerit
1242 1874 1426 1956 milti,
1458 1877 1690 1941 melius
1719 1884 1790 1940 tn
1819 1876 2150 1958 cognoscis.

358 2009 433 2079 15
593 2026 751 2070 nam
804 2004 968 2068 dum
1023 2013 1430 2071 memoratur
1484 2004 1934 2083 Onesiforum‚
1978 2004 2285 2071 hortatur
2328 2013 2395 2070 et
2439 2002 2876 2069 Timotheum

462 2132 620 2195 erga
650 2110 973 2195 pietatem
1005 2108 1421 2191 diligentiam
1454 2109 1792 2175 adhibere.
1869 2109 2050 2172 unde
2080 2119 2149 2174 et
2178 2109 2306 2173 hoc
2335 2108 2404 2175 in
2435 2106 2583 2172 loco
2613 2108 2839 2191 posuit
2865 2128 2880 2172 τ

460 2224 525 2279 et
576 2226 869 2279 catenam
926 2236 1136 2280 meam
1189 2236 1317 2279 non
1374 2215 1650 2280 erubuit.
1745 2223 2234 2298 consequenter
2281 2214 2412 2278 ista
2472 2214 2696 2277 iunxit
2745 2210 2878 2275 illis

463 2339 636 2402 quae
689 2320 777 2383 ad
831 2320 971 2383 eius
1019 2318 1563 2383 exhortationem
1614 2318 1926 2381 dixerat:
2001 2338 2080 2381 ne
2135 2339 2282 2401 ergo
2327 2318 2652 2382 erubescas
2709 2314 2881 2381 testi-

462 2422 754 2488 monium
799 2424 1096 2516 Domini.
1184 2423 1530 2488 confidens
1582 2442 1742 2488 uero
1801 2422 1889 2487 de
1939 2422 2363 2505 praecedenti
2412 2420 2882 2485 exhortatione

355 2535 440 2585 20
465 2529 750 2593 adiecit:

562 2719 567 2722 .
596 2667 669 2721 tu
697 2677 861 2739 ergo,
872 2656 998 2741 fili
1032 2655 1143 2736 mi,
1173 2659 1536 2741 confortare
1575 2657 1644 2720 in
1673 2655 1906 2739 gratia
1942 2676 2106 2738 quae
2137 2666 2236 2719 est
2273 2655 2344 2720 in
2387 2654 2644 2721 Christo
2678 2657 2827 2720 Iesu
2847 2678 2882 2732 ,·

571 2804 592 2838 1
630 2796 828 2854 reputat
848 2789 919 2838 H
1180 2805 1210 2854 3
1242 2791 1417 2856 relinq.
1446 2791 1515 2840 H
1531 2789 1539 2854 Ι
1572 2788 1799 2839 Philetus
1820 2804 1854 2838 r
1879 2785 1888 2854 Ι
1917 2788 2254 2852 Hermogenis
2276 2789 2340 2839 H
2591 2805 2624 2851 4
2657 2785 2884 2836 meminit

468 2867 587 2934 (for
605 2885 754 2919 mem.
779 2869 874 2934 est)
896 2887 932 2918 r
954 2867 963 2934 Ι
993 2871 1291 2920 nominatim
1322 2873 1441 2936 (for
1458 2868 1795 2934 memoratim)
1819 2885 1853 2919 r
2047 2881 2076 2932 5
2109 2868 2406 2918 deteriorem
2433 2865 2515 2918 C*
2528 2867 2600 2917 H
2767 2864 2798 2916 6
2831 2873 2884 2916 et

464 2966 545 3000 om
567 2967 600 2999 r
795 2963 822 3014 7
880 2957 929 3000 et
954 2949 1060 3014 (bes
1068 2949 1142 3015 ut)
1166 2951 1271 3000 add
1289 2968 1324 3001 r
1548 2952 1579 3000 8
1602 2951 1831 3000 meminit
1857 2949 1972 3015 (sor
1989 2965 2142 3000 mem.
2169 2947 2264 3014 est)
2287 2965 2322 2998 r
2543 2963 2576 3014 9
2608 2955 2659 2999 et
2681 2947 2750 2999 ait
2776 2946 2887 3014 (afl

466 3029 662 3096 habuit)
685 3032 791 3081 add
804 3049 839 3080 r
1089 3048 1150 3083 10
1181 3035 1268 3084 det
1290 3033 1378 3085 Soc.
1408 3033 1488 3097 [as
1508 3033 1569 3084 in
1602 3033 1772 3098 Vulg.]
1793 3049 1827 3082 r
1850 3032 1858 3097 Ι
1891 3033 2051 3098 inquit
2070 3049 2150 3083 om
2171 3049 2204 3082 r
2227 3030 2237 3098 Ι
2267 3031 2514 3083 Onesiseri
2537 3033 2606 3082 H
2829 3045 2886 3096 15

467 3121 771 3164 memoratus
798 3111 1113 3164 Onesiserum
1134 3115 1205 3164 H
1394 3118 1453 3166 18
1486 3130 1578 3165 nec
1603 3113 1720 3180 (sor
1739 3112 1823 3179 ne)
1849 3116 1918 3165 H
2139 3128 2198 3179 19
2229 3113 2532 3179 procedente
2554 3127 2588 3161 r
2824 3127 2887 3163 20

466 3195 623 3245 adicit
648 3195 692 3244 C
709 3210 744 3243 r

487 3389 492 3394 .
536 3333 582 3378 4.
672 3311 1000 3376 memoratim]
1089 3305 1185 3365 See
1228 3314 1312 3365 De
1355 3315 1463 3374 vit,
1506 3331 1548 3364 s.
1578 3331 1630 3364 v.

473 3397 729 3458 RabanuS,
792 3413 848 3446 as
890 3397 1048 3459 usual,
1088 3397 1380 3448 substitutos
1416 3414 1449 3447 a
1491 3398 1631 3448 word

1732 3315 2113 3366 Minis-tranen?
2131 3313 2271 3366 mihi.
2327 3315 2568 3372 Claram„
2590 3315 2733 3376 Am„
2759 3314 2890 3365 have

1733 3397 1916 3462 simply
1951 3401 1982 3425 ‘⁸
1999 3397 2353 3448 ministrauerit
2371 3395 2420 3456 ;”
2453 3397 2598 3458 milti,
2635 3397 2885 3458 however,

472 3479 525 3529 in
549 3479 782 3544 ordinary
804 3494 920 3536 use3
955 3494 1037 3528 see
1059 3495 1142 3528 vv.
1176 3479 1229 3530 11.
1290 3480 1439 3544 Erga
1460 3486 1538 3544 ap.
1574 3479 1632 3528 in

474 3563 643 3613 Deum
673 3562 715 3612 is
745 3562 970 3627 possibly
1000 3569 1228 3628 corrupt;
1263 3562 1352 3614 but
1376 3563 1461 3614 the
1490 3579 1634 3613 sense

472 3660 591 3709 may
625 3643 723 3694 be:
769 3645 784 3669 ‘
798 3643 919 3708 they
954 3643 1155 3693 shewed
1188 3644 1317 3694 their
1348 3643 1635 3694 unsaithful-

474 3741 590 3776 ness
628 3733 681 3775 to
721 3725 837 3775 God
878 3724 945 3790 by
983 3725 1112 3775 their
1154 3726 1370 3776 conduct
1419 3726 1638 3776 towards

476 3806 579 3856 His
599 3803 834 3856 servant.'

544 3901 590 3952 7.
657 3893 718 3936 ut
758 3903 859 3939 non
886 3887 1118 3952 grauiter
1139 3885 1287 3952 serat
1318 3895 1480 3952 super,
1520 3887 1637 3951 &c.]

477 3969 559 4020 Cf.
594 3968 681 4019 the
715 3968 1015 4019 Ciceronian
1047 3969 1228 4035 phrase
1255 3970 1497 4032 grauz‘ter,
1536 3987 1636 4020 mo-

478 4053 605 4112 leste,
637 4053 741 4101 &a
754 4086 766 4110 ‚
775 4052 919 4115 ferre
936 4051 1141 4116 aliquid
1156 4068 1196 4102 ε.
1224 4053 1283 4102 de
1298 4052 1469 4117 aliqua
1490 4069 1555 4102 re.

550 4149 625 4184 ιι.
678 4133 981 4198 frequenter,
1033 4134 1240 4197 Romae]
1304 4135 1374 4186 So
1422 4135 1485 4185 O.
1539 4134 1632 4194 L.;

478 4215 654 4281 vulg..
700 4214 947 4281 “saepe,''
985 4216 1303 4266 “Romam-'³
1371 4217 1634 4276 Vertissem,

479 4297 524 4347 is
532 4303 737 4358 correct,
765 4305 1043 4362 represents
1064 4315 1097 4348 a
1122 4299 1329 4365 reading
1356 4297 1632 4360 γενόμενον,

478 4379 539 4430 of
580 4378 747 4430 which
797 4379 937 4429 there
980 4378 1023 4430 is
1066 4367 1134 4430 no
1178 4388 1312 4432 trace
1348 4381 1633 4431 elsewhere.

1733 3495 1946 3544 appears
1995 3479 2050 3529 in
2107 3479 2378 3537 Ambrstr„
2436 3477 2694 3544 Vulgflm
2777 3479 2890 3528 The

1735 3577 1964 3626 pronoun
1993 3561 2141 3611 stood
2175 3561 2230 3610 in
2259 3560 2462 3611 Thdt.’s
2493 3567 2614 3621 text,
2642 3561 2743 3610 and
2775 3576 2890 3626 pro-

1737 3641 1889 3706 bably
1900 3642 1951 3690 in
1963 3639 2287 3692 Theodore’S.
2317 3642 2569 3706 cognoscas
2583 3639 2868 3706 (γινώσκεις)
2872 3659 2890 3702 3

1739 3723 1889 3774 Latin
1912 3723 2153 3780 versions‚
2179 3728 2210 3750 “
2225 3720 2411 3774 nosti.”

1808 3818 1883 3869 17.
1953 3811 2300 3870 consequenter
2317 3804 2412 3854 ista
2431 3804 2622 3865 iunxit,
2645 3803 2763 3866 &c.]
2793 3803 2897 3853 For

1737 3887 1826 3938 the
1847 3887 1981 3936 third
2003 3886 2124 3936 time
2145 3886 2198 3935 in
2220 3886 2319 3936 this
2341 3886 2547 3951 chapter
2563 3885 2618 3936 S.
2641 3886 2768 3936 Paul
2783 3901 2896 3936 uses

1737 3971 1824 4021 the
1865 3971 1985 4020 verb
2023 3969 2422 4032 ἐπαισχύνεσθαι.
2493 3971 2590 4021 See
2627 3972 2789 4021 above
2825 3986 2894 4020 on

1736 4069 1783 4104 v.
1835 4067 1910 4104 12.
1971 4053 2152 4118 Chrys.
2179 4071 2192 4104 ε
2249 4050 2340 4102 θέα
2377 4055 2478 4103 πῶς
2512 4051 2768 4116 πανταχοῦ
2801 4051 2894 4114 τὴν

1735 4133 1974 4197 αἰσχύνην
1993 4138 2146 4199 λέγει,
2177 4133 2230 4186 οὗ
2251 4135 2337 4186 τὰν
2357 4137 2582 4187 κίνδυνον.
2647 4137 2894 4188 lanfranc

1735 4217 1858 4267 cites
1890 4217 1990 4267 this
2023 4224 2256 4268 sentence
2287 4217 2342 4268 in
2372 4217 2460 4269 the
2493 4217 2622 4268 form
2637 4236 2653 4269 ε
2703 4221 2740 4245 “
2753 4235 2889 4270 cons·

1734 4299 1833 4350 hoc
1875 4300 2121 4356 adiunxit,
2157 4300 2277 4365 quia
2307 4301 2374 4350 ad
2407 4299 2522 4351 exh-
2560 4301 2666 4352 eius
2703 4301 2896 4352 dixerat

1737 4397 1824 4431 nec
1843 4381 2102 4442 erubescas,
2113 4379 2141 4403 ”
2164 4380 2254 4431 διο.
