3250 5025
250 372 380 440 ΙΙΙ.
418 370 629 457 5—8.]

1110 384 1193 435 IN
1243 384 1349 435 ΕΡ.
1394 382 1498 433 AD
1540 382 1806 435 TITUM.

2543 382 2668 451 253

248 554 485 621 tionem
530 567 657 640 per
706 554 1041 640 Spiritum
1087 564 1398 633 sanctum,
1447 575 1634 637 quem
1685 553 1922 637 effudit
1967 564 2160 637 super
2195 574 2310 618 nos
2352 551 2674 617 ditissime

232 672 360 745 per
384 662 603 724 Iesum
640 659 973 725 Christum
1002 659 1394 723 saluatorem
1426 668 1735 731 nostrum,
1770 667 1847 721 ut
1874 656 2215 743 iustzficati
2243 656 2424 724 illius
2442 654 2676 741 gratia

246 763 503 828 heredes-
524 762 894 846 ffciamur,
924 760 1267 825 secundum
1298 772 1469 843 spem
1501 760 1678 825 uitae
1707 771 2012 827 aeternae.

386 895 594 973 ‘quae
639 910 798 973 ergo
847 889 975 955 Dei
1023 889 1467 954 misericordia
1512 888 1823 972 adparuit
1852 909 1973 972 per
2016 888 2262 955 Christi
2305 888 2672 953 aduentum

256 1005 327 1061 et
356 996 484 1079 ipsi
516 993 816 1059 adsecuti
849 1013 1095 1069 sumus,
1128 990 1245 1055 illa
1274 1012 1445 1074 quae
1478 990 1565 1054 ab
1596 1012 1678 1055 eo
1709 1000 1813 1055 est
1841 991 2059 1056 salute
2091 1012 2222 1055 non
2255 1013 2344 1055 ex
2364 990 2674 1073 operibus

256 1098 499 1163 nostris
538 1094 718 1159 illam
763 1093 1527 1177 adsequentes--aderat
1580 1104 1808 1158 autem
1859 1094 2050 1183 nobis
2102 1094 2266 1159 nihil
2304 1095 2672 1160 boni—sed

258 1221 379 1285 per
438 1200 581 1263 eius
628 1199 1145 1263 misericordiam
1191 1199 1306 1280 qui
1353 1219 1473 1282 per
1525 1198 1808 1263 sormam
1857 1197 2103 1263 lauacri
2156 1200 2402 1265 uirtute
2463 1198 2674 1265 sancti

261 1302 551 1387 Spiritus
582 1302 931 1365 renouauit
962 1320 1082 1364 nos
1113 1310 1182 1363 et
1220 1302 1596 1384 segregauit
1642 1302 1710 1366 in
1747 1302 2145 1367 ditissimam
2191 1303 2446 1387 [quam]
2479 1306 2674 1370 nobis

260 1406 589 1470 bonorum
645 1405 975 1488 praestitit
1024 1403 1420 1484 fruitionem,
1467 1415 1543 1470 ut
1587 1408 1729 1470 eius
1772 1409 1988 1491 gratia
2031 1408 2352 1473 iustitiam
2397 1410 2676 1494 adsequi

260 1510 449 1592 digni
495 1510 957 1585 inueniremur,
1005 1530 1208 1592 quam
1268 1530 1358 1573 ex
1418 1512 1659 1575 nostris
1713 1513 2022 1595 operibus
2073 1513 2351 1596 adsequi
2405 1512 2676 1577 minime
2712 1526 2792 1577 10

262 1614 649 1697 potuimus;
698 1614 1013 1695 quoniam
1055 1621 1447 1695 perpetuam
1492 1613 1676 1678 illam
1718 1616 1930 1679 uitam
1962 1615 2404 1699 adsequimur,
2444 1616 2510 1679 in
2543 1637 2678 1699 qua

259 1718 605 1781 constituti
666 1717 852 1780 liberi
912 1718 1157 1781 erimus
1217 1719 1303 1782 ab
1356 1720 1539 1783 omni
1600 1720 1975 1802 corruptela
2022 1730 2090 1783 et
2136 1720 2318 1784 omni
2366 1720 2680 1803 peccato.’.

260 1823 427 1887 haec
472 1830 697 1886 autem
738 1820 891 1884 ideo
928 1831 1335 1884 memoratus
1384 1832 1485 1885 est
1537 1831 1612 1885 ut
1666 1820 1812 1885 illos
1865 1822 2134 1887 doceret
2182 1824 2500 1905 quoniam
2551 1824 2676 1906 ipsi

264 1925 709 1990 misericordia
761 1924 906 1989 sola
958 1934 1296 1989 tantorum
1361 1927 1688 1989 bonorum
1743 1926 1930 2010 digni
1979 1937 2137 1991 sunt
2186 1927 2414 1992 habiti.

2507 1932 2522 1961 ‘
2545 1949 2678 1992 non

263 2050 425 2112 ergo
459 2038 561 2092 est
609 2030 857 2091 iustum
901 2038 975 2092 ut
1020 2029 1170 2092 illos
1212 2039 1485 2113 propter
1518 2032 1934 2114 impietatem
1978 2032 2151 2095 odiis
2186 2051 2679 2115 prosequamur,
2718 2050 2788 2115 15

263 2144 331 2198 et
363 2134 487 2217 ipsi
518 2133 775 2196 dudum
811 2131 1144 2215 [odibiles]
1180 2132 1377 2197 fuisse
1408 2135 1842 2199 uidebamur.’

377 2284 579 2373 fidele
607 2286 873 2351 uerbum
894 2306 919 2365 ;
964 2294 1028 2351 et
1053 2284 1131 2349 de
1156 2284 1265 2350 his
1292 2288 1433 2351 uolo
1455 2297 1515 2351 te
1541 2286 1936 2371 confirmari,
1960 2295 2038 2349 ut
2059 2285 2324 2352 solliciti
2339 2285 2479 2350 sint
2506 2285 2688 2352 bonis·

366 2519 387 2553 1
428 2501 643 2568 Spiritus
664 2504 825 2555 sancti
845 2521 880 2554 r
902 2502 911 2570 Ι
942 2502 1179 2571 opulente
1202 2501 1315 2572 (Jbr
1334 2503 1595 2572 ditissime)
1620 2523 1654 2556 r

270 2581 389 2649 (for
408 2585 555 2650 quae)
585 2587 627 2636 C
650 2583 796 2652 (corr)

266 2683 346 2718 om
369 2683 402 2716 r

274 2747 320 2797 C
335 2746 405 2795 H
415 2761 448 2795 r
577 2759 609 2810 9
639 2747 852 2810 gratiam
874 2763 909 2796 r

276 2841 333 2891 15
368 2843 723 2894 persequamus
744 2830 815 2879 H

273 3019 567 3077 unnatura13
611 3017 725 3067 thus
766 3017 821 3068 S.
856 3017 1075 3082 Jerome,
1116 3015 1244 3066 aster
1276 3015 1433 3080 citing

273 3099 363 3149 the
394 3115 533 3148 verse
563 3099 614 3146 in
646 3099 709 3148 its
737 3098 973 3162 ordinary
1006 3097 1149 3157 form,
1181 3096 1433 3163 presently

274 3197 389 3231 uses
432 3181 521 3230 the
566 3181 745 3243 phrase
795 3181 831 3206 “
845 3187 962 3230 ante
1006 3180 1432 3244 regenerationem

274 3261 462 3310 lauacri
485 3259 705 3309 uitalis.”
751 3261 851 3309 Per
868 3260 1117 3324 Spiritum
1137 3267 1365 3310 sanctum
1389 3261 1432 3310 is

276 3343 363 3394 the
384 3341 653 3404 rendering
680 3340 739 3388 of
765 3340 944 3401 Lucis„
973 3341 1243 3397 Ambrstr.‚
1267 3341 1365 3390 and
1390 3339 1433 3388 is

276 3440 403 3474 even
426 3422 659 3473 reflected
676 3421 727 3470 in
746 3421 830 3470 the
846 3420 1015 3471 Greek
1033 3421 1092 3469 os
1107 3421 1193 3470 the
1216 3422 1431 3470 Graeco-

278 3506 429 3556 Latin
474 3503 633 3554 MSS.
706 3502 971 3552 Ditisst'me
1013 3503 1325 3564 (πλουσίως);
1374 3517 1433 3552 so

278 3589 409 3653 Aug.
433 3588 567 3644 here,
582 3585 679 3635 and
698 3601 788 3634 our
804 3584 1070 3634 translator
1084 3595 1135 3633 at
1154 3584 1269 3638 Col.
1284 3583 1351 3633 iii.
1374 3581 1433 3634 16

279 3671 337 3732 (1.
362 3687 413 3736 p.
442 3685 553 3732 304,
577 3668 611 3717 1.
640 3687 687 3731 4,
711 3666 867 3730 note).
935 3667 1107 3730 vulg„
1134 3670 1166 3692 “
1183 3666 1384 3714 abunde
1402 3662 1434 3687 ’'

280 3753 365 3816 (cf.
389 3768 409 3802 1
438 3751 573 3802 Tim.
612 3749 678 3799 vi.
704 3750 799 3812 17)·
870 3748 1179 3813 Efficiamur
1199 3743 1432 3808 (γενηθῶ-

278 3836 405 3896 μεν).
474 3835 547 3884 So
569 3834 634 3883 0.
652 3834 713 3882 L.
736 3847 751 3890 3
783 3831 957 3897 vulg„
982 3831 1020 3858 “
1036 3828 1243 3882 simus.”
1297 3829 1373 3880 Cf.
1396 3841 1437 3880 1.

280 3931 332 3981 p.
360 3928 473 3979 225,
497 3915 533 3964 1.
559 3928 638 3974 20,
674 3920 811 3963 note.

347 4015 395 4058 4.
454 4011 583 4060 quae
610 4011 735 4059 ergo,
772 3993 889 4055 δια]
954 3991 1067 4043 The
1100 3991 1438 4044 construction

280 4093 443 4129 seems
481 4085 537 4128 to
574 4078 667 4127 be:
715 4081 747 4104 ‘⁸
762 4073 1153 4126 misericordiam
1186 4090 1306 4138 ergo
1339 4073 1439 4124 Dei

282 4157 463 4226 quae.''
486 4159 575 4208 διο.
638 4156 750 4207 The
772 4155 1067 4207 translation
1088 4152 1148 4205 of
1162 4155 1260 4206 this
1280 4155 1441 4206 entire

282 4239 565 4306 paragraph
586 4239 629 4288 is
650 4254 791 4288 more
812 4239 936 4288 than
958 4238 1153 4303 usually
1173 4237 1401 4288 mreless,

351 4337 397 4386 5.
468 4337 571 4370 non
594 4335 654 4369 ex
684 4321 917 4385 oper-alus,
958 4319 1077 4380 &c.]
1142 4317 1221 4370 Cf.
1246 4319 1347 4370 Th.
1375 4334 1443 4370 on

286 4405 437 4455 Rom.
474 4402 539 4452 ix.
566 4415 659 4465 32:
696 4403 1003 4462 δικαιωθῆναι
1030 4401 1129 4450 ἀπὸ
1159 4402 1257 4450 τῶν
1289 4403 1447 4463 ἔργων

284 4485 373 4536 τοῦ
420 4484 563 4543 νόμον
618 4482 869 4534 ἀδύνατον·
924 4481 1001 4532 δεῖ
1050 4480 1149 4544 γὰρ
1200 4481 1444 4542 μηδέπω-ε

976 2603 1004 2650 5
1038 2586 1404 2636 illa...salutem
1448 2585 1524 2637 C‘
1592 2587 2012 2638 illam...salutem
2056 2588 2102 2638 C
2134 2586 2281 2650 (ω’νν)

628 2680 654 2732 7
690 2684 783 2732 pro
803 2667 965 2718 forma
988 2668 1101 2733 (jbr
1116 2684 1207 2732 per
1228 2667 1462 2729 sormam)
1484 2669 1547 2718 H

1057 2763 1117 2797 ro
1148 2747 1483 2798 inueniremus
1506 2747 1574 2798 H

952 2893 956 2898 ¹
1003 2828 1062 2879 16
1094 2829 1327 2896 ipseH‘
1358 2827 1367 2898 Ι
1397 2829 1710 2881 odibilesom
1739 2832 1886 2881 CH:
1922 2830 2140 2881 odiosir

1877 2521 1906 2569 3
1939 2504 2211 2556 efficiamus
2230 2506 2293 2556 H
2504 2526 2538 2570 4
2569 2507 2688 2572 quia

2475 2585 2520 2638 6.
2541 2589 2689 2639 nobis

1760 2671 1792 2720 8
1826 2669 2018 2735 Spiritu
2040 2667 2134 2734 ΗΙ
2165 2670 2216 2718 in
2238 2685 2315 2720 om
2339 2668 2404 2734 νΙ
2433 2685 2587 2734 quam
2607 2686 2688 2720 om

1715 2763 1735 2802 ῐ
1747 2765 1768 2798 1
1805 2749 2126 2813 adsequimus
2147 2750 2217 2798 H
2342 2767 2402 2813 14
2433 2750 2611 2800 habitu
2632 2751 2701 2800 H

1534 3013 1776 3076 ἁμαρτεῖν,
1811 3013 1944 3063 ἔστιν
1975 3014 2028 3063 δὲ
2061 3013 2189 3074 ἄγαν
2223 3013 2473 3074 ἀμήχανον
2507 3011 2576 3062 ἐπ’
2611 3011 2690 3064 ἇν-

1534 3098 1740 3160 Opem»
1773 3093 2272 3159 κρινόμενον...χάριτι
2309 3096 2364 3146 δὲ
2400 3096 2583 3158 m‘mp
2619 3098 2690 3145 δε-

1534 3179 1744 3240 δώρηται
1767 3179 1794 3228 ὁ
1816 3180 1918 3228 θεὸς
1939 3179 2035 3228 τοῖς
2057 3177 2332 3241 ἀνθρώποις,
2362 3179 2532 3228 πᾶσαν
2556 3179 2690 3238 ἡμῶν

1532 3262 1622 3320 τὴν
1665 3259 1778 3321 περὶ
1819 3255 1909 3308 τοῦ
1950 3257 2233 3322 ἁμαρτάνειν
2285 3259 2441 3322 ῥοπὴν
2489 3257 2691 3320 ἀφελεῖν

1535 3339 1878 3402 ὑποσχόμενος,
1906 3341 2104 3389 ἐπειδὰν
2127 3339 2405 3400 ἀναστήσας
2427 3338 2694 3392 ἀθανάτους

1532 3418 1827 3483 ἐργάσηται·
1859 3423 2040 3469 τούτων
2069 3421 2120 3468 δὲ
2146 3422 2332 3469 ἔνεστιν
2361 3421 2450 3469 τὰς
2481 3422 2696 3482 ἐπαγ-γε·

1532 3504 1642 3551 λίας
1673 3503 1850 3565 λαβεῖν
1881 3503 1958 3551 διὰ
1995 3503 2082 3560 τῆς
2117 3502 2200 3550 ἐπὶ
2239 3502 2324 3550 τὸν
2363 3501 2579 3565 Χριστὸν
2616 3503 2695 3551 πί-

1536 3599 1702 3632 στεως.
1772 3583 1870 3633 See
1902 3595 1939 3632 1.
1978 3598 2064 3648 pp.
2106 3581 2280 3631 lxxxiii
2311 3598 2406 3648 sq„
2449 3597 2528 3647 25,
2573 3583 2608 3633 1.
2644 3595 2690 3648 5,

1534 3671 1668 3714 note.

1604 3757 1652 3808 7.
1707 3753 1806 3810 per
1831 3746 2060 3809 sormam
2097 3744 2298 3796 lauacri
2329 3745 2528 3806 uirtute,
2579 3745 2696 3809 δια]

1539 3824 1619 3875 Cf.
1647 3837 1686 3874 1.
1709 3842 1756 3892 p.
1782 3826 1974 3886 lxxxiii,
2004 3837 2068 3876 11.
2092 3841 2145 3891 p.
2175 3837 2283 3888 107,
2312 3827 2348 3876 1.
2373 3841 2452 3886 αι,
2479 3836 2614 3878 note.

1604 3908 1654 3956 8.
1707 3905 1983 3971 segreguuit
2008 3905 2066 3954 in
2095 3907 2144 3956 d.
2185 3920 2354 3971 quam,
2399 3905 2515 3967 δια]
2582 3907 2696 3958 Tite

1537 3989 1850 4054 preposition
1871 3987 2038 4038 which
2061 3988 2112 4038 in
2134 3987 2262 4037 both
2287 4003 2380 4038 our
2411 3988 2568 4039 MSS.
2601 3987 2696 4040 fol·

1540 4072 1666 4122 lows
1693 4073 1967 4138 seg-regnuit
1997 4087 2157 4122 seems
2189 4078 2244 4121 to
2275 4073 2471 4136 require
2502 4071 2588 4124 the
2619 4071 2695 4124 in·

1540 4155 1727 4206 sertion
1761 4153 1821 4204 of
1844 4171 1876 4203 a
1909 4153 2130 4204 relative.
2194 4154 2293 4204 But
2325 4154 2410 4204 the
2432 4155 2698 4205 translator

1540 4253 1659 4302 may
1691 4237 1821 4287 have
1856 4236 2052 4286 written
2077 4254 2090 4286 ε
2127 4252 2254 4300 seg-r.
2285 4236 2342 4285 in
2371 4237 2522 4286 ditis-s.
2561 4238 2700 4287 nobis

1544 4318 1654 4368 bon.
1665 4317 1969 4382 fruitionem
1997 4315 2250 4380 (omitting
2265 4317 2552 4380 praestitit).

1617 4410 1694 4461 17.
1737 4397 1885 4462 fidele
1915 4395 2142 4457 uerbum]
2209 4397 2275 4446 Ο.
2293 4395 2352 4448 L.
2392 4396 2493 4445 and
2529 4397 2701 4461 Vulg„

1552 4482 1589 4507 ‘⁴
1604 4477 1766 4528 fidelis
1794 4474 2013 4528 sermo.”
2083 4475 2406 4540 confirmari,
2446 4477 2706 4541 deponent
