3250 5025
307 370 436 436 111.
477 389 571 452 14„
615 370 736 456 15.]
1023 384 1107 434 ΙΝ
1157 383 1262 436 ΕΡ.
1309 383 1411 434 AD
1457 381 1924 436 ‘rmoTHEuM
1972 381 2045 433 1.·
2608 380 2718 444 131

427 560 458 590 ⁴
481 553 569 619 de
616 552 722 618 his
761 553 1027 638 (inquit)
1060 553 1292 638 scripsi
1336 554 1484 636 tibi,
1521 574 1797 637 sperans
1839 553 1948 618 uel
1988 551 2287 616 maxime
2325 551 2461 615 cito
2502 550 2728 614 uenire

309 659 398 722 ad
447 667 560 739 te;
621 658 678 723 si
731 679 890 723 uero
949 658 1245 723 euenerit
1288 679 1399 723 me
1450 659 1803 736 retardare,
1850 667 1925 723 ut
1974 659 2147 723 scias
2192 678 2365 742 quae
2414 665 2485 721 te
2530 675 2728 738 agere

307 761 711 826 conueniant
759 771 830 830 et
872 761 1213 844 quomodo
1257 762 1507 826 debeas
1554 761 1903 825 ecclesiam
1946 761 2075 824 Dei
2122 758 2383 844 regere.’
2472 759 2729 842 optime

307 874 536 929 autem
578 865 822 929 adiecit
852 865 987 928 Dei
1027 864 1190 939 uiui,
1235 865 1330 928 ita
1375 873 1450 928 ut
1497 862 1813 928 ostendat
1852 885 1941 928 ex
1982 862 2112 927 hoc
2154 862 2474 927 ecclesiae
2514 861 2730 944 digni-

307 973 540 1030 tatem.
650 965 815 1031 illud
881 987 1048 1057 pero
1116 975 1219 1031 est
1287 966 1833 1049 cognoscendum
1894 966 2213 1048 quoniam
2278 963 2543 1028 domum
2600 962 2734 1026 Dei

307 1061 736 1147 †ecclesiam,
791 1087 924 1133 non
981 1068 1222 1133 domos
1278 1069 1597 1133 orationis
1657 1069 1819 1133 dicit
1868 1069 2236 1132 secundum
2294 1067 2729 1151 plurimorum

310 1171 715 1254 opinionem,
739 1174 858 1238 sed
891 1172 1187 1237 fidelium
1221 1174 1841 1256 congregationem;
1883 1173 2079 1236 sicuti
2110 1179 2179 1235 et
2214 1171 2543 1235 Hebraeis
2573 1170 2732 1233 scri-

309 1277 476 1342 bens
507 1277 709 1340 dicit:
746 1297 915 1360 quae
940 1275 1172 1342 domus
1197 1297 1428 1340 sumus
1456 1298 1586 1341 nos,
1658 1277 1837 1340 unde
1870 1287 1938 1340 et
1971 1275 2407 1340 ‘columnam'
2440 1273 2627 1338 illam
2659 1281 2729 1337 et

291 1373 800 1462 firmamentum
849 1379 1153 1444 ueritatis
1193 1381 1478 1456 uocauit,
1523 1400 1605 1443 eo
1652 1382 1834 1463 quod
1881 1380 1947 1443 in
1986 1401 2064 1444 ea
2111 1379 2409 1444 ueritatis
2452 1379 2731 1443 firmitas

311 1477 696 1546 habeatur?
764 1502 844 1546 eo
875 1479 1057 1565 quod
1091 1480 1366 1545 ecclesia
1399 1479 1697 1544 fidelium
1730 1489 1832 1546 est
1862 1479 2306 1564 congregatio,
2340 1480 2405 1543 in
2436 1477 2563 1542 hac
2594 1479 2733 1563 pie-

313 1583 472 1648 tatis
505 1591 605 1647 est
636 1599 904 1647 necesse
935 1579 1185 1667 dogma
1213 1582 1478 1646 saluari.
1569 1582 1687 1667 qui
1727 1586 1781 1647 si
1822 1583 2189 1648 secundum
2228 1592 2302 1646 ut
2332 1581 2732 1646 conueniens

314 1693 420 1749 est
479 1685 546 1747 in
608 1684 742 1749 fide
799 1688 1300 1770 permanserint,
1363 1686 1716 1751 inlibatum
1777 1687 2007 1769 utique
2076 1693 2425 1769 permanet
2484 1683 2734 1769 dogma

313 1786 584 1868 pietatis
608 1807 626 1865 ;
681 1788 739 1850 si
777 1796 1005 1852 autem
1052 1787 1097 1849 ii
1145 1789 1260 1870 qui
1310 1786 1630 1852 ecclesiae
1676 1797 1833 1852 sunt
1877 1810 1920 1852 a
1963 1810 2085 1852 suo
2130 1789 2475 1871 proposito
2520 1786 2734 1851 auersi

315 1887 575 1965 fuerint,
624 1891 988 1953 necessarie
1020 1890 1362 1954 uacillabit
1402 1901 1471 1956 et
1511 1893 1849 1975 dogmatis
1892 1892 2385 1974 scrupulosita3‚
2426 1911 2508 1954 eo
2550 1887 2733 1972 quod

314 1992 684 2056 secundum
735 2001 1167 2080 praesentem
1227 1996 1436 2060 uitam
1499 1998 1799 2060 ueritatis
1860 1997 2155 2079 cognitio
2200 1996 2382 2079 apud
2430 1993 2736 2058 homines

316 2115 462 2160 esse
493 2098 902 2180 perspicitur.

448 2217 656 2306 [οἷκον
700 2221 878 2307 θεοῦ]
926 2223 1292 2304 ἐκκλησίαν
1331 2223 1407 2290 οὗ
1454 2223 1605 2294 τούς
1655 2225 1871 2296 οἴκους
1922 2223 2104 2308 λε’σγει
2156 2223 2305 2295 τοὺς·
2358 2222 2733 2310 εὖκτηρίους

314 2324 486 2391 κατὰ
529 2323 651 2406 τὴν
681 2328 815 2391 τῶν
843 2328 1124 2392 πολλῶν
1153 2324 1526 2408 συνήθειαν,
1557 2325 1743 2392 α’λλὰ
1775 2329 1906 2394 τῶν
1935 2327 2198 2393 πιστῶν
2227 2325 2344 2393 τὸν
2373 2324 2731 2410 σύλλογον.

315 2425 471 2494 ὅθεν
513 2426 628 2494 καὶ
669 2434 686 2462 ‘
705 2427 980 2495 στύλον’
1023 2427 1230 2510 αὐτὴν
1274 2429 1388 2495 καὶ
1427 2435 1444 2465 ‘
1463 2429 1798 2518 ἑδραίωμα
1836 2429 1955 2512 τῆς
1998 2429 2340 2512 ἅληθείας’
2394 2428 2731 2510 ἐκάλεσεν,

314 2532 402 2603 ὥς
447 2532 530 2598 ἂν
572 2533 643 2597 ἐν
685 2530 854 2618 αὐτῇ
899 2532 1018 2613 τῆς
1059 2532 1376 2614 ἀληθείας
1418 2531 1540 2615 τὴν
1585 2532 1922 2600 σύστασιν
1966 2532 2265 2624 ἐχούσης.

417 2680 446 2713 α
493 2668 743 2718 retardere
772 2666 850 2719 C*
870 2669 938 2719 H
993 2668 1190 2719 tardare
1211 2683 1244 2719 r
2596 2666 2629 2719 6
2650 2669 2739 2719 do·

1443 2691 1474 2735 4
1507 2671 1727 2721 ostendit
1753 2673 1796 2722 C
1803 2669 1832 2697 ⁴*
2030 2686 2057 2734 5
2092 2669 2281 2721 donum
2310 2668 2389 2721 C*

316 2761 456 2797 mum
480 2746 598 2811 (for
616 2748 814 2809 domos)
843 2748 936 2799 Cr
1152 2766 1211 2801 10
1245 2756 1319 2800 est
1344 2750 1430 2799 fid.
1455 2767 1624 2815 congr.
1662 2752 1705 2802 C
1724 2768 1757 2800 r
1956 2768 2009 2801 11
2050 2759 2125 2801 est
2145 2767 2223 2800 om
2248 2751 2316 2800 H
2506 2764 2563 2813 13
2596 2750 2668 2799 hii
2697 2748 2741 2799 C

316 2824 372 2875 hi
395 2826 460 2876 H
474 2842 508 2874 r
707 2844 765 2891 14
799 2827 1077 2879 necessario
1099 2845 1131 2878 r
1159 2826 1167 2892 Ι
1195 2829 1494 2880 uacillabitis
1523 2832 1652 2881 CH
1671 2829 1680 2896 Ι
1708 2831 2100 2897 scrupulositatis
2125 2832 2191 2880 H
2348 2844 2405 2893 15
2440 2830 2673 2895 cognatio
2700 2828 2746 2879 C

325 2920 382 2973 17
406 2924 479 2975 sq.
511 2910 664 2961 Coisl.
695 2926 808 2976 204,
836 2912 870 2963 f.
909 2927 997 2963 σοι
1027 2929 1058 2962 a
1081 2914 1188 2976 [Cr.
1214 2914 1298 2964 vii.
1331 2930 1409 2979 31,
1441 2914 1524 2965 Fr.
1555 2916 1670 2979 153]
1704 2916 1946 2979 θεόδωρος.
2019 2912 2172 2967 ἄλλος
2195 2916 2249 2965 δέ
2272 2922 2436 2994 φησιν·
2462 2914 2735 2976 ἐκκλησίας,

319 2994 466 3041 κ.τ.λ.
2412 3002 2427 3014 .

381 3089 432 3141 6.
503 3090 760 3153 ecclesiam,
789 3108 892 3141 non
923 3092 975 3141 d.
1006 3094 1103 3156 οη]
1153 3094 1180 3143 1
1217 3093 1346 3145 have
1374 3110 1480 3144 cor⁶

318 3172 490 3223 rected
525 3173 612 3223 the
658 3174 826 3224 Greek
870 3174 929 3225 of
953 3175 1038 3226 the
1078 3182 1258 3228 catena
1295 3177 1364 3242 by
1393 3178 1480 3228 the

321 3254 488 3314 Latin,
517 3255 684 3305 which
705 3256 748 3306 is
770 3256 944 3307 shewn
979 3258 1048 3323 by
1070 3260 1156 3309 the
1187 3266 1394 3309 context
1425 3265 1482 3309 to

319 3337 384 3387 be
407 3338 556 3401 right.
610 3337 692 3387 Cf.
719 3338 910 3389 Thdt.:
952 3337 1142 3389 ‘otxov’
1180 3342 1280 3401 ’γὰρ
1317 3340 1480 3389 ‘0⁶00’

252 3418 254 3421 ’
321 3419 402 3467 καὶ
446 3423 460 3445 ‘
478 3417 766 3478 ἐκκλησίαν’
811 3418 904 3467 τᾶν
956 3420 1352 3471 πεπιστευκότων
1398 3422 1482 3471 τὸν

321 3495 567 3560 σύλλογον
593 3496 1000 3564 προσηγὸρευσεν.
1067 3503 1345 3554 Ambrstr.:
1375 3504 1413 3529 ‘⁸
1429 3510 1484 3553 ut

321 3594 438 3629 cum
461 3587 594 3631 totus
617 3581 836 3631 mundus
857 3582 958 3631 Dei
979 3583 1058 3643 sit,
1089 3584 1300 3635 ecclesia
1315 3592 1484 3635 tamen

329 3662 344 3685 ‘
360 3661 540 3710 domus
559 3658 571 3682 ’
593 3662 704 3711 eius
723 3660 972 3719 dicatur.'‘
1011 3664 1177 3714 There
1200 3664 1242 3714 is
1265 3681 1333 3715 no
1349 3674 1485 3715 traee

321 3742 376 3792 in
411 3742 496 3792 the
539 3743 790 3809 principal
834 3745 1058 3809 patristic
1104 3748 1484 3799 commentuies

321 3822 380 3871 of
407 3823 494 3872 the
525 3823 904 3889 interpretation
944 3825 1111 3875 which
1147 3827 1248 3877 Th.
1296 3827 1484 3891 rightly

321 3904 515 3969 rejects.
587 3906 673 3957 On
727 3908 891 3957 domos
931 3915 1058 3958 orat.
1108 3908 1173 3959 cf.
1217 3920 1280 3959 11.
1311 3924 1364 3974 p.
1401 3924 1484 3971 ετ.

323 3986 359 4035 1.
388 4005 434 4045 1,
455 3994 606 4048 note3
641 3990 744 4039 and
771 3989 851 4041 for
885 3990 1030 4041 Thes
1057 3992 1282 4041 doctrine
1315 3992 1375 4041 os
1400 3990 1488 4041 the

325 4068 546 4127 Church,
579 4086 662 4121 see
696 4070 776 4121 his
807 4072 1032 4122 remarks
1065 4088 1132 4122 on
1167 4073 1302 4137 Eph.
1346 4073 1380 4123 i.
1424 4088 1486 4135 23

326 4151 390 4211 (1.
425 4166 476 4216 p.
522 4167 628 4217 139,
665 4153 702 4203 1.
743 4168 818 4219 19,
859 4152 1017 4219 note),
1043 4154 1253 4205 Philem.
1297 4172 1342 4215 α,
1387 4155 1487 4204 and

323 4247 492 4297 eomp-
517 4234 613 4298 Bp.
639 4234 889 4286 Ellicott's
907 4243 1026 4285 note
1046 4237 1121 4285 ad
1133 4236 1187 4285 la.
1205 4236 1242 4283 l.

401 4326 446 4376 7.
514 4314 756 4365 Hebraeis
805 4315 1037 4377 scribens]
1134 4317 1272 4367 Heb.
1329 4316 1398 4367 iii.
1455 4315 1488 4367 6

327 4395 538 4460 (Vulg.).
616 4398 863 4449 WVhether
917 4398 1016 4449 Th.
1077 4399 1198 4449 read
1253 4400 1310 4449 ὃς
1364 4400 1489 4451 οἶκος

327 4491 442 4540 may
461 4476 527 4529 be
549 4478 774 4531 doubted
787 4498 804 4541 ς
849 4480 1029 4545 Chrys.
1053 4482 1154 4531 and
1179 4480 1334 4531 Thdt.
1357 4481 1486 4533 have

1583 3092 1653 3147 οὔ.
1742 3096 1827 3147 On
1883 3095 2029 3148 Th.’s
2082 3096 2241 3149 belief
2279 3097 2333 3147 in
2389 3097 2474 3147 the
2531 3096 2741 3147 Pauline

1581 3178 1875 3243 authorship
1896 3178 1956 3229 of
1988 3178 2073 3227 the
2096 3178 2271 3244 epistle
2294 3186 2347 3228 to
2378 3178 2465 3228 the
2497 3178 2743 3229 Hebrews

1580 3275 1665 3311 see
1700 3272 1741 3310 1.
1777 3276 1827 3325 p.
1870 3261 2039 3326 129,l.
2068 3276 2145 3319 ια,
2168 3266 2303 3311 note.

1648 3356 1697 3407 9.
1767 3358 1817 3391 eo
1844 3342 1977 3407 quod
2004 3342 2065 3391 in
2092 3358 2149 3391 ea
2172 3342 2411 3401 umxatir,
2441 3342 2556 3404 δια]
2590 3341 2741 3392 Simi-

1583 3423 1709 3487 larly
1726 3424 1915 3473 Thdt.:
1948 3426 2143 3473 τούτους
2173 3424 2305 3485 [τοὺς
2337 3421 2743 3484 πεπιστευκότας]

1585 3507 1685 3567 ἔφη
1707 3509 1720 3532 ‘
1737 3502 1954 3564 στύλον,’
1994 3507 2161 3564 κ.τ.λ.,
2190 3506 2275 3553 ἐπὶ
2302 3504 2403 3567 γὰρ
2426 3502 2607 3565 πέτρας
2635 3505 2741 3566 ἐρη-

1584 3586 1825 3647 ρεισμένοι
1870 3586 1951 3635 καὶ
1996 3584 2257 3644 ἅκλόνητοι
2300 3584 2617 3641 διαμένωσιν,
2664 3586 2745 3633 καὶ

1588 3666 1669 3715 διὰ
1695 3668 1793 3715 τῶν
1828 3666 2133 3729 πραγμάτων
2167 3667 2491 3728 κηρύττοντες,
2518 3665 2609 3723 τὴν
2646 3666 2744 3712 τῶν

1587 3751 1843 3812 δαγμάτων
1868 3750 2115 3809 ἀλήθειαν.
2186 3749 2365 3813 Chrys,
2386 3750 2479 3798 has
2494 3750 2747 3813 strangely

1585 3832 1813 3881 inverted
1854 3830 1939 3880 the
1982 3829 2278 3893 metaphora
2335 3828 2369 3888 ἡ
2409 3830 2509 3890 γὰρ
2541 3829 2747 3888 ἀλήθειά

1585 3915 1723 3963 ἐστιν
1739 3914 1823 3972 τῆς
1839 3912 2096 3971 ἐκκλησίας
2110 3912 2193 3961 καὶ
2204 3911 2379 3960 στύλος
2391 3910 2471 3959 καὶ
2482 3910 2744 3973 deputam.

1589 3996 1675 4045 On
1696 3994 1783 4044 the
1799 3992 2021 4059 patristic
2055 3991 2435 4057 interpretation
2456 3994 2509 4040 in
2543 3992 2745 4055 general

1587 4092 1673 4127 see
1710 4075 1795 4125 the
1830 4074 2031 4140 profuse
2065 4073 2287 4123 remarks
2321 4073 2381 4122 os
2410 4072 2599 4133 Suicer,
2638 4090 2675 4125 s.
2692 4088 2742 4123 v.

1589 4156 1781 4205 στύλος.

1660 4248 1739 4286 10.
1792 4234 2033 4299 fidelium
2066 4240 2137 4283 est
2165 4232 2493 4297 congregatio]
2538 4232 2622 4283 cf.
2660 4233 2746 4283 the

1588 4315 1843 4381 Anglican
1864 4316 2057 4367 Asticle
2078 4315 2179 4365 xix.
2201 4334 2215 4366 ε
2277 4316 2312 4340 “
2326 4314 2539 4365 ecclesia
2558 4314 2748 4365 Christi

1587 4398 1799 4449 uisibilis
1822 4405 1895 4448 est
1916 4406 2089 4448 coetus
2113 4396 2386 4447 fidelium.”

1660 4494 1735 4540 14.
1806 4478 2063 4528 necessarie
2086 4476 2366 4539 uacillabit]
2399 4478 2463 4528 In
2497 4476 2576 4526 his
2614 4494 2747 4527 reso-

2400 4593 2569 4657 9—2

2803 971 2835 1038 5

2768 1494 2847 1540 10

2772 2003 2841 2072 15
