3250 5025
483 335 574 400 90
1155 329 1612 382 THEonoaus
1662 328 2251 382 MOPSUESTENUS
2602 316 2660 400 [Ι
2673 319 2720 381 1.
2752 331 2812 399 7,
2845 317 2903 382 8.

479 502 854 567 doctri-narn
887 499 973 564 ad
1005 501 1306 564 omnium
1351 475 1701 564 horninum
1743 500 2055 565 notitiam
2096 498 2395 564 deferam
2438 509 2507 564 et
2546 518 2781 564 omnes
2812 498 2901 564 ad

479 606 683 670 fidem
735 604 979 670 Christi
1037 605 1353 669 accedere
1400 605 1663 678 faciam,
1716 625 1837 687 per
1889 624 2090 688 quem
2143 606 2337 668 nobis
2386 605 2518 668 ista
2578 605 2911 668 retributa·

479 718 660 773 sunt.
747 717 816 772 et
864 708 1138 791 quidem
1185 709 1272 771 ad
1322 708 1559 772 horum
1607 695 1987 773 doctrinam
2036 717 2105 772 et
2164 705 2685 774 insinuationem
2736 729 2901 792 gen-

479 814 650 877 tium
693 822 953 876 creatus
985 832 1134 877 sum
1181 813 1526 895 apostolus
1546 812 1729 877 ’—ut
1770 815 1969 891 dicat,
2018 815 2357 877 ‘omnium
2390 814 2739 877 hominum
2784 812 2899 896 qui

415 930 448 998 5
481 917 548 979 in
609 917 791 980 omni
845 917 992 981 loco
1047 914 1240 980 sunt.’
1332 917 1506 981 bene
1557 927 1783 981 autem
1839 918 2237 1002 interposuit
2287 920 2517 982 dicens
2561 917 2901 981 ueritatem

477 1019 632 1095 dic-0,
677 1039 802 1082 non
847 1018 1172 1093 mentior,-
1195 1019 1331 1082 ·ita
1373 1026 1450 1082 ut
1495 1028 1564 1084 et
1608 1020 2114 1085 confirmatione
2161 1043 2282 1086 sua
2328 1021 2507 1086 credi
2548 1022 2794 1085 faceret
2830 1021 2899 1083 id

479 1121 660 1204 quod
721 1121 1003 1185 dicebat.
1110 1139 1268 1184 nam
1329 1120 1510 1204 quod
1571 1123 1752 1187 dixit
1812 1123 1881 1187 in
1923 1123 2067 1207 fide
2122 1134 2186 1188 et
2242 1125 2530 1202 ueritate,
2584 1134 2660 1189 ut
2718 1124 2901 1187 dicat

479 1226 798 1309 quoniam
845 1229 862 1260 ‘
889 1246 1008 1308 pro
1046 1225 1148 1288 his
1193 1225 1597 1290 constitutus
1638 1246 1787 1291 sum
1836 1229 2155 1310 mag-ister
2197 1229 2521 1310 gentium,
2568 1228 2665 1291 ita
2710 1236 2791 1291 ut.
2830 1237 2900 1290 et

478 1327 680 1392 fidem
712 1350 826 1392 eos
859 1328 1136 1392 doceam
1169 1335 1236 1392 et
1269 1331 1657 1394 ueritatem.'
1747 1333 1973 1415 sicque
2017 1333 2464 1416 comprobans
2510 1352 2631 1415 per
2672 1330 2899 1395 omnia

375 1453 456 1503 10
480 1432 660 1514 quod
713 1431 1077 1495 necessarie
1129 1433 1573 1497 conueniebat
1619 1432 1751 1496 illis
1810 1435 1877 1497 in
1940 1435 2228 1518 idipsum
2292 1434 2717 1499 uenientibus
2777 1456 2898 1516 pro

479 1535 792 1599 omnibus
821 1535 1036 1604 facere
1071 1537 1442 1599 orationem
1488 1557 1931 1614 communem,
1965 1539 2275 1603 omnibus
2322 1537 2767 1621 prouisionem
2810 1537 2894 1600 ad

479 1639 980 1704 similitudinem
1018 1639 1144 1703 Dei
1193 1639 1601 1716 facientibus,
1637 1643 1869 1725 incipit
1915 1645 2001 1708 de
2044 1653 2267 1706 cetero
2308 1643 2651 1724 disputare
2702 1640 2897 1722 quale

479 1765 710 1810 eorum
741 1745 886 1808 uult
927 1765 1071 1807 esse
1114 1745 1510 1822 institutum,
1544 1745 1925 1809 discernens
1970 1766 2085 1809 eos
2126 1746 2495 1809 secundum
2533 1763 2793 1818 sexum,
2828 1744 2896 1805 in

481 1870 682 1934 quem
712 1849 888 1912 uiros
919 1847 1224 1911 diuidens
1256 1857 1324 1911 et
1355 1846 1681 1912 mulieres,
1773 1856 1841 1911 et
1874 1849 2161 1931 primum
2209 1849 2482 1931 quidem
2528 1845 2895 1910 secundum

378 1971 451 2038 15
483 1954 784 2017 ordinem
833 1951 1341 2014 conuenientem
1394 1950 1480 2013 de
1524 1951 1683 2013 uiris
1737 1950 2046 2033 loquitur,
2091 1972 2360 2015 causam
2409 1949 2756 2033 explicans
2808 1948 2898 2010 ob

482 2075 685 2140 quam
738 2051 1050 2117 discreuit
1098 2073 1229 2127 eOS,
1286 2061 1355 2115 et
1409 2053 1683 2136 quidem
1730 2074 2119 2117 communes
2166 2055 2295 2119 illis
2342 2055 2525 2138 leges
2572 2055 2896 2119 uirtutum

482 2155 782 2222 statuere
812 2156 1274 2234 adnitescens;
1326 2155 1500 2219 sicut
1539 2176 1630 2218 ex
1676 2155 2088 2221 subiectione
2131 2159 2498 2240 poterimus
2544 2158 2613 2222 id
2659 2158 2896 2223 melius

485 2261 778 2326 discere:
1918 2271 1925 2280 ·

612 2402 754 2467 uolo
806 2399 954 2485 (ait)
1003 2419 1190 2465 orare
1233 2401 1428 2480 uiros,
1479 2402 1551 2464 in
1592 2401 1776 2466 omni
1808 2403 1933 2466 loco
1967 2402 2325 2468 extollentes
2368 2424 2603 2469 manus
2640 2415 2899 2472 sanctas

374 2528 460 2576 20
481 2505 622 2571 sine
649 2505 757 2571 ira
784 2515 846 2569 et
871 2504 1328 2589 dircqptatione.

585 2671 614 2707 a
651 2655 746 2706 ista
767 2656 914 2706 nobis
938 2672 971 2705 r
992 2654 1002 2722 Ι
1031 2656 1290 2706 retributio
1313 2658 1381 2706 H
1634 2672 1661 2721 3
1700 2657 1929 2707 doctrina
1951 2666 2001 2708 et
2024 2659 2357 2711 insinuatione
2378 2660 2447 2710 H

485 2736 605 2801 (sor
623 2734 809 2801 autern)
839 2738 883 2786 C
896 2752 930 2785 r
1089 2734 1120 2786 6
1152 2743 1209 2785 ut
1239 2752 1318 2785 om
1344 2752 1376 2785 r
1399 2734 1408 2800 Ι
1438 2736 1870 2788 confirmationem
1904 2754 2045 2788 suam
2077 2756 2108 2788 r

483 2818 609 2868 bans
635 2833 669 2866 r
832 2832 892 2867 ro
924 2816 1201 2867 necessario
1236 2815 1300 2881 νΙ
1332 2818 1596 2869 conueniat
1633 2819 1678 2868 C
1706 2835 1740 2868 r

489 2900 548 2949 18
581 2898 822 2947 dicereH

2718 2676 2745 2725 5
2781 2676 2901 2727 ergo

2286 2754 2317 2807 9
2351 2756 2441 2815 per
2472 2740 2641 2791 omnia
2672 2756 2903 2808 compro·

1893 2833 1951 2883 15
1986 2822 2340 2871 conuenienter
2361 2838 2393 2871 r
2524 2821 2584 2873 16
2616 2822 2740 2887 legis
2767 2824 2810 2873 C
2830 2821 2905 2873 *r

551 3048 600 3097 3.
665 3028 1074 3092 innhuatrbnem]
1132 3029 1510 3089 ‘notification,’
1538 3033 1552 3057 ‘
1569 3032 1641 3080 in-

483 3112 751 3164 formation
768 3110 878 3161 ’-a
900 3126 1041 3161 sense
1062 3114 1118 3160 in
1137 3111 1301 3161 which
1328 3112 1414 3161 the
1435 3113 1574 3161 word
1599 3112 1643 3162 is

484 3194 706 3261 peculiar
737 3200 794 3243 to
823 3193 923 3243 late
947 3194 1184 3257 Latinity‚
1211 3194 1311 3243 and
1337 3192 1518 3258 chiefly
1539 3210 1643 3243 em-

485 3276 670 3342 ployed
692 3276 758 3339 by
780 3275 866 3324 the
881 3274 1066 3339 jur-ists.
1181 3328 1190 3335 ,

551 3362 600 3411 8.
667 3365 726 3408 ut
763 3358 988 3423 etfidem
1021 3374 1094 3407 eos
1129 3358 1336 3415 doceam,
1376 3356 1496 3419 δια]
1564 3357 1645 3420 By

487 3436 775 3490 διδάσκαλος
805 3440 857 3487 ἐν
889 3438 1056 3487 πίστει
1088 3436 1187 3486 Th.
1221 3436 1550 3485 understand-‘s
1587 3437 1643 3485 ‘a

483 3522 686 3573 tencher
699 3521 759 3571 of
773 3521 858 3571 the
880 3520 1043 3572 saith-⁹
1109 3520 1262 3571 Thdt.
1275 3554 1287 3577 ‚
1306 3536 1372 3569 on
1395 3519 1482 3569 the
1499 3521 1644 3569 other

484 3605 639 3663 hand,
656 3606 798 3655 takes
817 3606 866 3667 ἐν
882 3606 1048 3653 πίστει
1073 3603 1155 3652 καὶ
1176 3604 1379 3665 ἀληθείᾳ
1402 3610 1454 3652 to
1477 3618 1641 3666 repre-

485 3692 596 3734 sent
640 3685 725 3734 the
771 3700 976 3734 manner
1019 3684 1120 3733 and
1163 3682 1418 3732 character
1459 3682 1520 3731 of
1555 3683 1643 3732 the

485 3766 748 3831 teaching:
782 3766 907 3823 μετὰ
943 3765 1030 3825 τῆς
1065 3765 1398 3826 προσηκούσης
1437 3764 1645 3813 πίστεώς

484 3865 543 3898 τε
586 3850 666 3897 καί
709 3846 939 3907 ἀληθείας
980 3842 1125 3896 τοῧτο
1169 3848 1318 3895 πᾶσιν
1364 3846 1639 3906 προσφέρω·

483 3926 670 3994 βεβαιῶ
689 3925 790 3991 ’γὰρ
811 3923 876 3990 τῆ
895 3927 1256 3989 θαυματουργίᾳ
1277 3927 1386 3975 τοὺς
1407 3926 1596 3984 λόγους.

549 4025 598 4075 9.
667 4010 830 4073 sicque
859 4008 1187 4073 comprobans,
1209 4007 1322 4069 &el
1389 4006 1643 4070 “Having

483 4092 600 4143 thus
632 4088 871 4155 proved‚’'
895 4090 986 4140 διο.
1058 4088 1138 4139 Cf.
1166 4089 1345 4153 Chrys.
1382 4089 1469 4149 (on
1493 4104 1539 4137 ν.
1568 4086 1643 4151 4):

484 4168 632 4234 μιμοῦ
659 4173 850 4234 (φησὶν)
879 4170 968 4220 τὸν
996 4168 1182 4220 σκοπὸν
1217 4166 1300 4219 τοῦ
1336 4166 1465 4218 θεοῦ·
1502 4170 1645 4219 αὐτὸς

485 4252 582 4316 γὰρ
613 4252 794 4303 πάντας
827 4250 1103 4313 ἀνθρώπους
1137 4252 1267 4301 θέλει
1300 4252 1528 4311 σωθῆναι,
1561 4252 1646 4299 καὶ

487 4327 550 4385 σὺ
571 4334 692 4399 ὑπὲρ
713 4332 903 4386 πάντων
925 4336 1068 4395 εὔχου
1089 4332 1360 4395 ἀνθρώπων.

558 4435 630 4481 14.
691 4416 1045 4482 primum...de
1082 4414 1214 4463 uiris
1257 4414 1500 4479 loquitur]
1541 4414 1644 4463 For

1740 3045 1807 3080 an
1830 3031 2053 3081 instance
2076 3030 2135 3081 of
2148 3030 2234 3081 the
2256 3030 2486 3096 opposite
2502 3032 2651 3082 order
2664 3048 2747 3083 see
2764 3034 2900 3100 Eph.

1742 3127 1792 3160 v.
1816 3126 1899 3170 αα,
1926 3126 2021 3175 sq„
2042 3110 2143 3159 and
2177 3108 2321 3161 Th.’s
2353 3110 2551 3161 remark
2584 3111 2725 3163 there
2759 3112 2817 3176 (1.
2840 3129 2895 3177 p.

1747 3194 1855 3255 183,
1880 3192 1936 3241 11.
1960 3194 2155 3262 9—14).

1812 3287 1887 3337 17.
1956 3274 2279 3336 adm'tescens]
2324 3273 2402 3324 Cf.
2451 3276 2722 3335 mitatem,
2766 3288 2803 3327 1.
2842 3294 2895 3343 p.

1744 3356 1855 3416 ⁶238,
1884 3355 1917 3406 1.
1954 3370 2027 3417 ¹4,
2055 3363 2193 3405 note.
2258 3357 2352 3405 Ex
2378 3358 2569 3407 subiect.
2586 3374 2704 3407 =ex
2732 3359 2899 3409 subse·

1742 3437 2028 3501 quentibuS.

1812 3532 1889 3585 19.
1956 3518 2067 3568 uolo
2120 3517 2236 3582 (ait)
2290 3518 2453 3580 orare]
2512 3520 2751 3582 βούλομαι
2806 3516 2904 3571 οὖν

1742 3602 2118 3663 προσεύχεσθαι.
2185 3601 2259 3651 As
2292 3602 2335 3650 is
2368 3600 2648 3667 frequently
2670 3605 2756 3655 the
2790 3620 2905 3656 case

1741 3682 1794 3730 in
1838 3682 1938 3731 this
1988 3681 2299 3739 translation,
2346 3699 2411 3732 an
2456 3683 2671 3733 inserted
2726 3687 2802 3735 ait
2846 3702 2905 3736 or

1739 3763 1909 3827 inquit
1928 3762 2019 3811 has
2041 3763 2193 3812 taken
2214 3764 2303 3813 the
2324 3764 2469 3829 place
2488 3764 2547 3813 of
2563 3766 2647 3815 the
2668 3766 2903 3830 conjunc·

1740 3846 1861 3896 tion.
1934 3845 2239 3895 Extollentes
2271 3862 2456 3895 manus
2494 3854 2691 3896 sumtus
2704 3865 2729 3908 ;
2774 3848 2903 3899 Rab.

1741 3934 1856 3990 puts
1879 3927 1978 3976 this
2000 3926 2266 3989 rendering
2294 3926 2400 3975 side
2424 3926 2491 3990 by
2512 3928 2621 3977 side
2644 3929 2765 3978 with
2796 3929 2905 3979 that

1739 4007 1799 4057 of
1816 4008 1900 4056 the
1918 4007 2095 4070 Vulg.:
2126 4006 2386 4055 “leuantes
2398 4015 2563 4070 puras
2580 4024 2777 4069 manus,
2800 4011 2909 4059 siue

1740 4087 2067 4137 secundum
2093 4085 2275 4134 aliam
2299 4086 2649 4149 editionem,
2677 4090 2905 4139 extollen-

1740 4176 1805 4219 tes
1841 4186 2009 4219 sacras
2046 4167 2280 4218 manus.”
2347 4170 2461 4219 The
2497 4171 2819 4222 substitution
2852 4173 2914 4223 of

1740 4259 1941 4301 sanctas
1992 4252 2071 4301 for
2115 4250 2345 4315 “puras'’
2390 4252 2493 4301 had
2548 4252 2703 4303 found
2758 4256 2902 4319 place

1742 4332 1944 4396 already
1968 4332 2019 4381 in
2047 4332 2294 4381 Ambrstr.
2323 4332 2422 4382 and
2444 4332 2663 4397 Jerome.
