3250 5025
506 369 625 434 162
1145 377 1602 430 THEODORUS
1650 376 2237 428 MOPSUESTENUS
2692 367 2797 454 [V.
2838 382 2931 441 ιο,

632 550 701 614 si
708 550 1095 634 peregrinos
1120 549 1393 632 hospitio
1423 550 1663 632 recepit.

633 694 768 737 non
822 675 908 737 de
971 674 1336 757 peregrinis
1383 673 1791 756 quibuslibet
1841 674 2150 756 loquitur,
2202 677 2319 739 sed
2376 677 2459 739 de
2510 675 2818 741 fidelibus
2864 684 2932 738 et

507 777 811 842 fidelibus
851 780 962 863 qui
996 780 1225 844 uirtuti
1258 781 1594 845 studeant.
1685 780 1974 863 denique
2006 781 2241 845 uolens
2272 792 2340 845 et
2372 783 2437 847 in
2471 780 2931 865 subsequenti-

506 884 633 948 bus
693 885 899 966 ipsius
957 884 1432 968 hospitalitatis
1485 887 1775 970 speciem
1837 887 2205 969 explanare
2258 908 2459 972 quam
2509 897 2577 952 et
2638 885 2936 951 maxime

445 1004 475 1072 5
507 1009 622 1053 eas
652 990 899 1073 exequi
929 992 1134 1072 cupit,
1165 991 1447 1055 adiecit:

633 1123 702 1187 si
723 1135 1090 1189 sanctorum
1107 1125 1302 1207 pedes
1328 1126 1514 1190 lauit.

640 1263 773 1307 non
806 1247 820 1274 ‘
841 1245 1222 1327 peregrinos
1243 1245 1258 1271 ’
1288 1245 1594 1309 absolute
1616 1244 1809 1319 dixit,
1834 1245 1948 1307 sed
1976 1253 2241 1305 sanctos
2266 1263 2281 1318 ;
2313 1251 2386 1303 ut
2418 1242 2698 1305 suadeat
2729 1245 2935 1307 etiam

509 1347 715 1431 pedes
774 1346 982 1410 lauari
1043 1367 1273 1410 eorum
1338 1367 1507 1428 quos
1567 1345 1863 1428 hospites
1923 1343 2170 1425 recipit,
2232 1343 2622 1407 memoriam
2684 1343 2935 1407 faciens

511 1457 912 1513 sanctorum.
1000 1448 1128 1512 hoc
1159 1457 1233 1512 ut
1265 1449 1408 1511 dixi
1441 1449 1526 1512 ad
1551 1447 2007 1510 exhortandas
2030 1467 2145 1510 eas
2172 1443 2485 1529 †adiecit,
2512 1457 2589 1512 ut
2620 1450 2933 1514 ostendat

407 1573 487 1620 10
510 1552 828 1634 quoniam
885 1572 1150 1614 summa
1195 1550 1542 1632 diligentia
1588 1551 1907 1612 conuenit
1950 1570 2067 1613 eos
2137 1549 2431 1634 hospitio
2492 1551 2752 1636 recipi,*
2813 1575 2935 1618 nec

512 1656 761 1741 aliquid
796 1678 883 1720 ex
916 1656 1019 1720 his
1049 1676 1220 1739 quae
1252 1657 1338 1720 ad
1371 1655 1727 1718 honestum
1762 1656 2099 1737 pertinent
2129 1657 2525 1740 obsequium
2558 1657 2917 1740 despicere.

642 1802 708 1890 εξ
734 1800 1212 1866 tribulationem
1227 1799 1635 1883 patientibus
1660 1798 2211 1865 subministrauit.

648 1923 885 1985 iterum
919 1921 1303 1984 summatim
1337 1920 1406 1983 id
1439 1920 1617 1985 dixit
1645 1940 1660 1984 :
1798 1913 1801 1917 ’

645 2067 712 2130 si
737 2086 920 2130 omne
947 2076 1101 2148 opus
1130 2065 1363 2130 bonum
1391 2065 1725 2130 subsecuta
1754 2076 1864 2129 est.

415 2203 484 2270 15
651 2189 927 2254 euidens
972 2197 1075 2251 est
1120 2187 1437 2270 quoniam
1493 2208 1614 2270 pro
1662 2189 1899 2252 uirium
1951 2188 2273 2272 qualitate
2322 2188 2451 2253 ista
2498 2187 2639 2253 fieri
2688 2190 2941 2255 suadet.

405 2373 414 2386 .
519 2304 773 2359 certum
805 2302 906 2357 est
937 2302 1165 2357 autem
1195 2313 1286 2356 ex
1317 2291 1422 2357 his
1452 2293 1649 2356 dictis
1679 2295 1996 2376 quoniam
2031 2292 2177 2357 illas
2207 2313 2379 2376 quae
2410 2293 2475 2356 in
2516 2294 2940 2358 matrimonio

520 2407 677 2462 sunt
722 2395 950 2461 fideles
994 2396 1162 2460 tales
1207 2397 1390 2479 cupit
1434 2417 1580 2460 esse
1630 2395 1909 2480 [quales]
1966 2396 2221 2460 uiduaS.
2310 2397 2423 2477 qui
2472 2397 2649 2460 enirn
2703 2396 2941 2460 uiduas

522 2501 682 2566 dicit
741 2499 894 2564 talis
953 2499 1133 2564 uitae
1192 2499 1435 2564 debere
1496 2499 1719 2579 fuisse,
1780 2521 1863 2563 eo
1935 2500 2000 2563 in
2063 2509 2366 2582 tempore
2426 2521 2563 2582 quo
2622 2509 2813 2566 erant
2872 2501 2938 2565 in

486 2606 490 2611 ’
525 2603 950 2668 matrimonio
980 2602 1165 2685 paria
1197 2602 1380 2684 cupit
1412 2600 1702 2684 implere.
1784 2602 2078 2685 alioquin
2110 2604 2678 2685 quemadmodum
2711 2615 2947 2687 potue-

411 2767 497 2815 20
652 2745 846 2808 τοῦτο
883 2742 1292 2828 προσέθηκεν
1331 2742 1444 2809 ἐπὶ
1475 2741 1550 2808 τὸ
1581 2740 1788 2826 δεῖξαι
1830 2741 1935 2809 ὅτι
1971 2741 2085 2808 καὶ
2123 2741 2265 2825 μετ’
2298 2740 2673 2827 ἐπιμελείας
2708 2741 2949 2835 αὐτοὺς

527 2844 981 2937 ὑποδέχεσθαι
1021 2845 1174 2935 χρή.

627 3002 646 3035 ι
686 2990 737 3033 et
765 2982 870 3048 (bes
878 2982 938 3046 si)
965 2984 1070 3033 add
1087 2984 1154 3033 Η
1363 3000 1390 3033 ⁴2
1427 2990 1476 3034 et
1500 2984 1560 3033 iis
1583 2983 1669 3033 fid.
1698 3000 1731 3032 r
1938 3000 1966 3047 3
2002 2983 2185 3032 uirtute
2212 2983 2259 3031 C
2276 2983 2341 3031 Η
2360 2982 2369 3045 Ι
2398 2981 2630 3032 studeant
2651 2982 2719 3032 Η
2918 3003 2949 3047 4

524 3065 604 3115 uel
630 3063 743 3128 (for
762 3067 834 3121 et)
857 3064 924 3112 Η
938 3079 969 3112 r
1213 3078 1258 3127 5,
1287 3078 1318 3130 9
1341 3064 1494 3114 adicit
1524 3066 1616 3114 Cr
1861 3076 1888 3127 7
1924 3065 2155 3115 obsolute
2184 3066 2229 3114 C
2251 3062 2260 3130 Ι
2289 3064 2395 3113 abs.
2422 3064 2472 3113 d.
2500 3078 2605 3129 per.
2629 3062 2697 3112 Η
2916 3064 2948 3111 8

525 3145 744 3211 hospitio
767 3146 834 3193 H
1010 3157 1066 3207 17
1098 3144 1222 3194 tales
1249 3144 1326 3194 C*
1350 3146 1462 3194 Hr
1486 3142 1496 3208 Ι
1525 3160 1632 3195 esse
1654 3160 1699 3195 c.
1725 3146 1785 3195 H
1982 3148 2040 3195 18
2074 3146 2211 3210 quod
2239 3144 2316 3195 C*
2340 3146 2407 3193 Η
2568 3158 2627 3207 ¹9
2661 3143 2883 3207 poterint
2909 3144 2953 3192 C

528 3229 678 3289 (corr)
876 3243 939 3277 20
973 3228 1130 3277 Coisl.
1156 3241 1268 3290 204,
1289 3228 1326 3277 l.
1353 3245 1389 3278 c.

600 3360 641 3393 1.
729 3342 1037 3408 peregrinos]
1121 3342 1400 3406 Suggested
1480 3348 1535 3391 to
1601 3358 1694 3391 our
1793 3339 2184 3403 ἀνεπαισχύιντως
2212 3345 2505 3403 ἐξετέλεσεν.
2574 3344 2765 3409 Origen
2788 3343 2946 3407 (tract.

529 3425 797 3477 translator
830 3427 902 3490 by
939 3425 1024 3475 the
1063 3440 1245 3474 comm.
1285 3425 1361 3487 (ll.
1401 3439 1450 3482 α,
1488 3424 1571 3489 7);
1606 3425 1695 3475 the
1796 3426 1853 3474 in
1869 3426 2071 3491 Joann.
2097 3426 2245 3476 xxxii.
2277 3427 2326 3491 7)
2350 3426 2819 3492 chmcteristieally
2834 3444 2951 3478 con-

535 3507 688 3558 Latin
721 3506 943 3557 versions
977 3522 1063 3557 are
1095 3515 1300 3557 content
1333 3507 1457 3557 with
1498 3510 1530 3533 ‘⁸
1545 3508 1689 3572 hosp.
1796 3507 1973 3557 demns
2018 3509 2073 3557 τὸ
2112 3504 2286 3567 στῆναι
2329 3509 2415 3556 ἐπὶ
2456 3509 2541 3557 τοῦ
2578 3509 2727 3571 ῥητοῦ
2768 3510 2821 3558 in
2864 3510 2954 3559 the

529 3588 768 3655 recepit.’'
1798 3590 2175 3655 interpretation
2199 3592 2257 3641 of
2274 3589 2373 3640 this
2394 3591 2517 3640 rule.

603 3684 649 3719 η.
723 3670 783 3719 de
811 3668 1050 3735 fidelibus
1077 3676 1126 3719 et
1146 3669 1405 3735 fidelibus]
1452 3670 1560 3733 περὶ
1584 3686 1695 3719 πισ-
1867 3669 1940 3722 16.
2016 3671 2133 3719 illas
2162 3687 2291 3736 quae
2324 3672 2380 3719 in
2421 3678 2589 3730 marr.²
2623 3670 2740 3733 &c.]
2811 3674 2825 3696 ‘
2840 3671 2953 3721 The

535 3750 772 3801 τενόντων
829 3752 906 3801 καὶ
942 3749 1269 3801 meremus&
1302 3750 1384 3813 [?].
1469 3750 1546 3801 Cf.
1609 3750 1697 3800 the
1798 3750 1945 3817 Ap-’s
1966 3752 2271 3816 description
2294 3752 2354 3801 of
2374 3751 2498 3815 holy
2522 3750 2841 3801 widowhood
2863 3752 2953 3801 im-

539 3834 750 3898 reading
788 3836 834 3883 εἴ
868 3849 940 3883 τις
977 3834 1151 3883 πιστὸς
1183 3831 1214 3892 ἣ
1245 3832 1399 3892 πιστή
1431 3832 1612 3897 (inst-a,
1648 3850 1696 3881 v.
1798 3832 1926 3899 plies
1963 3833 2072 3882 that
2112 3832 2175 3883 he
2215 3832 2435 3897 requires
2481 3833 2566 3882 the
2600 3848 2737 3883 same
2774 3833 2957 3883 virtues

543 3913 645 3978 16).
715 3914 791 3964 Or
814 3914 971 3965 strike
1010 3921 1098 3964 out
1127 3920 1172 3963 et
1187 3913 1310 3979 fid..
1343 3930 1398 3963 as
1431 3931 1462 3963 a
1497 3914 1696 3964 clerical
1798 3914 1853 3963 in
1873 3914 1960 3963 tbe
1982 3914 2194 3963 married
2218 3922 2375 3972 state3
2404 3913 2481 3963 sor
2508 3913 2593 3963 the
2616 3914 2797 3963 widow
2826 3913 2869 3963 is
2902 3922 2957 3965 to

537 4010 689 4045 error.
1799 3996 1863 4045 be
1887 3994 2111 4044 enrolled
2133 4008 2201 4043 on
2224 3994 2310 4043 the
2332 3992 2561 4057 strength
2576 3991 2635 4042 of
2650 4008 2681 4042 a
2702 3992 2959 4043 character

608 4091 653 4141 7.
705 4093 806 4128 non
835 4075 1399 4142 ‘peregrinos’absotuteJ
1431 4076 1508 4128 Cf.
1517 4078 1699 4128 Thdt.:
1800 4076 2036 4141 acquired
2058 4077 2127 4141 by
2148 4076 2238 4126 her
2271 4075 2421 4125 while
2454 4083 2539 4140 yet
2570 4090 2605 4123 a
2631 4072 2780 4125 wife.’
2848 4074 2960 4126 The

540 4159 648 4207 εἳτα
700 4158 838 4217 λέγει
888 4158 969 4206 καὶ
1015 4158 1162 4206 τινας·
1219 4159 1265 4205 el
1313 4157 1494 4220 ἁγίων
1549 4156 1700 4208 πόδας

542 4239 723 4301 ἔνιψεν.

613 4331 688 4385 ro.
755 4332 843 4366 nec
858 4314 1369 4382 aliquan...desp=2·ere]
1427 4316 1508 4367 Cs-
1534 4317 1693 4368 Clem.

543 4400 688 4451 Alex.
729 4397 971 4464 (hypotyp.
991 4399 1192 4464 fragm.
1223 4408 1306 4463 ap.
1344 4400 1526 4460 Oce->2
1561 4418 1699 4450 τουτ-

545 4484 694 4539 έστιν,
721 4484 764 4530 et
781 4480 1115 4542 πίνέσχάτας
1139 4477 1399 4541 ὑπηρεσίας
1426 4484 1526 4531 τοῖς
1549 4483 1703 4545 ἁγίοις

1800 4158 2041 4210 omission
2064 4159 2123 4209 of
2136 4160 2305 4225 quales
2330 4174 2449 4223 may
2470 4158 2599 4208 have
2630 4158 2761 4208 been
2792 4158 2962 4223 owing

1803 4248 1857 4289 to
1878 4256 1907 4289 a
1930 4240 2325 4305 misconoeption
2349 4239 2409 4290 of
2424 4240 2509 4290 the
2531 4238 2652 4289 drift
2668 4238 2728 4288 of
2743 4238 2829 4289 the
2851 4255 2961 4288 sen-

1802 4326 1961 4379 tence,
1990 4336 2129 4370 more
2162 4319 2430 4385 especially
2463 4320 2522 4369 of
2544 4318 2630 4367 the
2652 4318 2817 4367 words
2846 4319 2965 4367 illas

1802 4418 1943 4465 quae.
1953 4440 1963 4451 .
1975 4402 2288 4467 .suntfideles
2309 4401 2431 4464 [nir.
2442 4441 2451 4450 .
2463 4398 2694 4460 ..rto-ras}
