3250 5025
511 336 594 398 42
1193 332 1649 385 THEononus
1695 328 2279 382 MOPSUESTENUS
2634 312 2711 396 [I.
2756 330 2872 376 1—
2880 329 2933 392 3.

513 501 747 566 ceteris
809 502 1252 580 nuntiabant;
1328 502 1589 567 adiecto
1652 500 1783 577 illo,
1841 498 2022 583 quod
2085 498 2177 561 illi
2252 498 2366 581 qui
2441 495 2935 579 indisciplinate

517 607 951 670 uersabantur
981 605 1161 669 nulla
1192 627 1281 669 ex
1312 613 1501 687 parte
1533 626 1623 668 ex
1666 603 1903 667 litteris
1939 602 2267 686 prioribus
2309 600 2605 684 apostoli.
2629 600 2934 664 meliores

517 709 617 772 sui
678 708 940 772 fuerant
992 707 1228 784 effecti,
1281 708 1400 772 sed
1453 708 2025 790 perseuerauerint
2085 706 2155 769 in
2214 707 2494 788 pristino
2545 726 2669 769 suo
2728 724 2938 788 prauo

517 810 880 893 proposito,
971 810 1199 874 scribit
1259 810 1460 893 igitur
1519 810 1884 873 secundam
1943 808 2118 871 hanc
2191 807 2571 889 epistolam,
2647 807 2937 889 primum

455 934 486 1002 5
518 915 789 998 quidem
820 912 1231 978 conlaudans
1268 935 1400 991 eOS‚
1435 935 1514 977 eo
1547 914 1727 996 quod
1762 922 1995 976 contra
2036 932 2271 976 omnes
2303 913 2596 995 impetus
2631 912 2939 975 aduersa-

518 1018 764 1081 riorum
816 1016 1234 1081 decertantes
1283 1037 1416 1079 non
1470 1015 1734 1081 fuerant
1785 1016 2118 1098 superati;
2182 1016 2576 1081 adhortatur
2618 1038 2777 1081 uero
2826 1036 2940 1079 eos

519 1121 723 1185 etiam
756 1120 1041 1184 currenti
1071 1129 1374 1202 tempore
1406 1119 1471 1182 in
1505 1120 1744 1184 eodem
1776 1121 2127 1202 persistere
2150 1122 2511 1204 proposit0,
2538 1140 2942 1205 omnemque

518 1230 988 1305 tempestatem
1052 1222 1139 1285 ab
1199 1222 1591 1285 aduersariis
1649 1220 1928 1285 inlatam
1987 1243 2107 1304 per
2164 1223 2559 1306 patientiam
2610 1242 2940 1305 superare.

518 1328 763 1390 deinde
809 1326 1071 1390 instruit
1116 1346 1248 1401 eos,
1293 1334 1368 1389 ut
1420 1346 1553 1388 non
1599 1324 1993 1388 existiment
2038 1325 2422 1390 incumbere
2466 1325 2593 1390 sibi
2636 1345 2941 1389 consum-

418 1445 496 1492 10
523 1428 851 1491 mationes
882 1436 1279 1509 temporum.
1346 1428 1519 1490 inter
1548 1436 1770 1490 cetera
1802 1447 1959 1490 uero
1991 1428 2258 1492 instruit
2300 1448 2414 1492 eos
2446 1437 2514 1493 et
2544 1427 2940 1491 Antichristi

521 1530 906 1609 aduentum,
947 1538 1015 1592 et
1056 1528 1343 1611 qualiter
1383 1528 1490 1593 uel
1532 1529 1875 1613 quomodo
1913 1530 1999 1595 sit
2038 1531 2501 1613 adpariturus;
2550 1531 2705 1593 dein
2740 1532 2941 1595 indis-

521 1632 855 1716 ciplinatis
903 1632 1150 1711 scribit,
1198 1632 1629 1697 uehementer
1682 1652 1798 1697 eos
1843 1636 2222 1717 corripienS‚
2284 1657 2364 1700 eo
2413 1636 2594 1720 quod
2642 1637 2805 1701 nihil
2852 1658 2941 1701 ex

524 1734 653 1797 illis
695 1735 1020 1817 prioribus
1065 1736 1328 1818 scriptis
1374 1734 1617 1800 fuerint
1663 1734 1982 1810 adiuuati,
2031 1737 2099 1799 in
2146 1736 2386 1819 quibus
2428 1736 2775 1801 consilium
2814 1736 2943 1801 illis

524 1836 800 1900 dederat
837 1836 923 1900 de
969 1836 1095 1900 illis
1137 1858 1310 1920 quae
1352 1858 1465 1901 eos
1511 1858 1710 1920 agere
1754 1838 2259 1902 conueniebant.
2350 1839 2609 1901 cautius
2654 1859 2812 1902 uero
2858 1840 2942 1903 de

421 1953 490 2020 15
525 1937 835 2002 omnibus
865 1938 1268 2003 instruemur
1299 1928 1386 2003 ex
1420 1938 1549 2002 illis
1580 1960 1754 2023 quae
1786 1940 1851 2003 in
1883 1939 2444 2023 subsequentibus
2473 1939 2825 2003 habentur.

655 2100 917 2163 Paulus
959 2111 1022 2165 et
1069 2101 1394 2195 Siluanus
1435 2112 1498 2166 et
1545 2101 1918 2165 Timotheus
1958 2102 2242 2166 ecclesiae
2295 2100 2357 2164 T
2349 2100 2943 2167 hessalonz’censz'mn

529 2204 597 2267 in
643 2203 780 2267 Deo
809 2214 1002 2286 patre
1044 2216 1258 2269 nostro
1300 2215 1363 2268 et
1403 2206 1661 2298 domino
1693 2206 1837 2268 Iesu
1874 2204 2146 2271 Christo.
2224 2206 2459 2287 gratia
2504 2206 2685 2271 uobis
2720 2216 2783 2270 et
2808 2217 2952 2291 pax

525 2328 569 2368 a
599 2307 737 2370 Deo
751 2317 944 2389 patre
972 2318 1185 2373 nostro
1213 2318 1276 2372 et
1301 2308 1560 2372 domino
1590 2310 1739 2372 Iesu
1772 2306 2045 2373 Christo.

657 2435 829 2500 hanc
861 2436 1453 2520 praescriptionem
1486 2434 1812 2520 epistolae
1842 2434 2109 2510 faciem,
2146 2434 2377 2520 incipit
2406 2436 2501 2500 sic
2527 2456 2541 2501 ε

417 2621 503 2669 20
647 2607 914 2689 gratias
962 2627 1151 2688 agere
1207 2605 1500 2671 debemus
1558 2605 1698 2669 Deo
1753 2616 2000 2686 semper
2039 2617 2167 2688 pro
2212 2605 2409 2682 uobis,
2447 2605 2724 2687 fratres,
2785 2604 2954 2668 sicut

528 2708 803 2792 dignum
833 2720 941 2773 est.

661 2859 702 2900 a
744 2837 1106 2919 gratiarum
1152 2837 1413 2901 actione
1461 2837 1749 2920 incipere
1797 2837 1973 2901 idem
2016 2839 2361 2920 apostolus
2407 2859 2609 2922 saepe
2650 2848 2751 2903 est
2792 2858 2950 2902 con·

531 2951 779 3005 suetus,
870 2941 995 3005 hoc
1057 2962 1213 3006 uero
1275 2942 1342 3004 in
1417 2939 1565 3005 loco
1641 2943 1845 3006 etiam
1912 2941 2230 3007 dilatasse
2291 2944 2506 3026 ipsam
2583 2945 2947 3027 gratiarum

532 3045 866 3110 actionem
927 3045 1207 3124 uidetur,
1270 3067 1405 3110 non
1463 3046 1772 3111 absolute
1830 3046 2059 3112 dicens
2120 3048 2403 3132 ‘gratias
2479 3047 2777 3133 agimu5,’
2833 3049 2949 3112 sed

637 3243 657 3277 1
697 3243 798 3292 quo
823 3226 938 3292 (sor
959 3224 1112 3292 quod)
1145 3225 1213 3276 C*
1282 3242 1410 3290 quae
1431 3227 1496 3275 H
1554 3226 1693 3292 quod
1714 3225 1789 3275 illi
1810 3241 1887 3274 om
1912 3243 1943 3274 r
2138 3241 2166 3289 3
2202 3225 2279 3275 sui
2310 3242 2387 3275 om
2418 3226 2461 3274 C
2481 3226 2631 3287 (corr)
2845 3244 2893 3287 4,
2924 3239 2952 3288 7

534 3310 794 3376 propositu
836 3308 905 3359 C·
1135 3323 1160 3370 5
1197 3323 1258 3357 eo
1296 3309 1401 3372 (bes
1421 3309 1577 3372 quod)
1612 3323 1692 3356 om
1725 3323 1759 3356 r
1973 3310 2003 3358 8
2038 3308 2258 3372 superari
2304 3306 2453 3358 C'H
2660 3323 2691 3376 9
2724 3322 2953 3357 consum-

533 3393 806 3442 mationem
835 3392 860 3440 I
1122 3406 1180 3440 10
1213 3396 1490 3454 temporam
1526 3388 1773 3454 (tempora
1786 3389 1829 3450 Ρ)
1858 3388 1935 3438 C*
1965 3386 1973 3452 Ι
2004 3405 2123 3438 uero
2156 3389 2353 3439 instruit
2386 3389 2461 3438 bis
2491 3389 2560 3438 H
2638 3389 2703 3438 A.
2734 3389 2951 3439 aduentu

539 3475 608 3525 C*
692 3474 757 3523 de
792 3473 857 3522 A.
902 3473 1123 3521 aduentu
1162 3471 1206 3520 C
1244 3471 1387 3532 (corr)
1418 3469 1426 3535 Ι
1455 3471 1696 3521 deindisc.
1733 3471 1881 3520 scribi
1924 3470 1966 3519 C
1972 3469 2000 3495 ⁴*
2089 3470 2155 3520 de
2198 3471 2251 3519 in
2295 3469 2623 3534 disciplinatis
2668 3471 2887 3520 scribens
2926 3487 2959 3519 r

542 3573 599 3621 ¹3
631 3555 789 3605 adiuti
823 3571 856 3604 r
1116 3569 1172 3617 ¹4
1205 3553 1291 3617 qui
1317 3551 1428 3615 (jor
1458 3549 1602 3617 quae)
1646 3549 1723 3601 C*
1752 3549 1760 3616 Ι
1792 3551 2123 3601 conueniebat
2161 3550 2204 3601 C
2246 3552 2393 3613 (corr)
2423 3549 2431 3615 Ι
2462 3567 2577 3601 uere
2617 3550 2681 3616 νΙ
2711 3552 2851 3602 instr.
2891 3553 2955 3604 de

536 3652 670 3686 omn.
715 3635 784 3684 H
1004 3648 1064 3699 19
1097 3632 1192 3682 hac
1226 3633 1616 3698 praescriptione
1652 3631 1895 3696 epistolae
1932 3632 2063 3682 sacta
2098 3651 2131 3683 r
2359 3649 2421 3683 22
2455 3648 2488 3680 a
2524 3649 2603 3683 om
2644 3633 2715 3684 C*
2782 3635 2957 3685 solitus

538 3716 652 3780 (for
671 3712 956 3774 consuetus)
980 3729 1013 3762 r

604 3877 651 3911 2.
723 3861 940 3911 meliores
970 3859 1074 3921 sm]
1131 3859 1210 3909 Cf.
1242 3871 1305 3908 11.
1328 3875 1382 3923 p.
1403 3858 1542 3922 37,1.
1568 3870 1643 3920 15.
1794 3865 1960 3922 pora;
1992 3873 2075 3909 see
2110 3875 2192 3908 vv.
2230 3857 2288 3908 11.
2356 3857 2513 3909 Thdt.
2546 3859 2601 3908 in
2644 3860 2729 3910 the
2775 3875 2955 3911 corres-

607 3945 654 3993 8.
725 3941 977 4006 superare]
1009 3939 1255 4004 Superari
1273 3941 1372 4000 (vv.
1399 3937 1492 4002 11.),
1521 3937 1566 3988 if
1577 3954 1699 4004 gen·
1800 3941 2027 4006 ponding
2064 3949 2299 3993 sentence
2336 3942 2395 3993 of
2430 3942 2509 3992 his
2542 3959 2647 4008 arg.
2684 3943 2779 3994 has
2816 3943 2843 3993 ὁ
2873 3939 2959 4003 τῆς

539 4025 676 4082 uine,
701 4024 742 4074 is
766 4023 1025 4073 doubtless
1047 4039 1078 4071 a
1100 4021 1372 4086 deponent.
1800 4025 2076 4073 συντελείας
2098 4020 2271 4088 καιρός.

607 4123 656 4173 9.
753 4105 1194 4156 consummationes
1261 4104 1558 4169 temporum]
1650 4106 1701 4154 al
1874 4119 1946 4170 ¹9·
2003 4104 2453 4170 praescriptionem,
2500 4104 2619 4166 δια]
2689 4104 2766 4154 cf.
2816 4103 2961 4154 Th.’s

542 4190 814 4240 συντελεῖαι
837 4186 934 4236 τῶν
957 4188 1171 4235 atavam?
1236 4185 1316 4236 Cf.
1347 4201 1368 4235 1
1396 4186 1511 4236 Cor.
1541 4203 1588 4236 x.
1621 4202 1698 4245 11,
1801 4202 1984 4237 comm.
2034 4202 2102 4237 on
2153 4203 2174 4237 1
2224 4187 2401 4238 Tbess.
2460 4187 2492 4239 i.
2562 4202 2604 4248 1,
2666 4187 2766 4236 and
2815 4194 2960 4236 notes

544 4270 608 4320 τὰ
657 4271 779 4330 τέλη
820 4266 918 4318 τῶν
967 4265 1164 4325 αἰώνων,
1205 4268 1340 4318 Heb.
1380 4269 1444 4319 ix.
1491 4268 1570 4326 26,
1617 4269 1701 4318 ἐπὶ
1802 4268 1956 4324 there.

542 4351 794 4414 ᾳυντελείᾳ
837 4347 934 4399 τῶν
963 4346 1160 4398 αἰώνων.
1228 4349 1326 4398 But
1360 4349 1577 4414 perhaps
1613 4348 1701 4400 the
1869 4364 1947 4398 αα.
2012 4364 2048 4397 a
2082 4348 2374 4413 gratiarum
2412 4346 2618 4409 actt'eme]
2669 4346 2750 4398 Cf.
2797 4358 2834 4397 1.
2872 4361 2958 4411 pp.

543 4431 756 4496 original
772 4431 980 4495 reading
999 4445 1100 4478 was
1126 4429 1562 4478 consummationis
1582 4435 1696 4478 tem-
1806 4444 1915 4492 113,
1938 4430 1972 4480 1.
2000 4443 2080 4493 23,
2105 4437 2251 4490 note;
2291 4445 2399 4488 120,
2431 4429 2465 4479 1.
2492 4450 2538 4493 4,
2568 4437 2701 4480 note.
