3250 5025
545 389 667 468 338
1495 401 1876 453 APPENDIX
1924 405 1987 453 A.

1447 721 1590 781 VII.
1639 723 2045 782 LETTERS.

639 881 689 929 A
711 877 977 929 collection
1006 878 1064 928 of
1087 879 1227 930 these
1248 878 1300 928 in
1324 893 1355 927 a
1379 879 1551 944 Syriae
1572 878 1702 930 form
1725 880 1914 931 existed
1939 895 2125 945 among
2148 879 2234 930 the
2257 880 2552 931 Nestorians
2580 879 2638 932 of
2663 879 2960 946 Ebedjesu's

540 1004 676 1062 time,
712 1005 919 1070 bearing
951 1005 1035 1056 the
1068 1005 1177 1056 title
1211 1005 1269 1056 of
1304 1005 1405 1055 The
1434 1005 1571 1055 Book
1600 1005 1665 1070 of
1693 1005 1870 1056 Pearls
1912 973 2220 1120 (mdix
2250 972 2326 1081 ’2
2367 973 2623 1083 ὶὲΔὲ)
2716 1005 2868 1056 Some
2908 1003 2966 1053 of

540 1127 677 1178 them
710 1144 840 1178 were
868 1127 1085 1194 perhaps
1111 1127 1301 1177 known
1331 1134 1385 1176 to
1418 1126 1624 1177 Photius
1654 1124 1783 1188 (cod.
1821 1139 1938 1190 177:
1973 1123 2000 1175 ὁ
2033 1127 2377 1190 Μοψουεστίας
2407 1127 2554 1188 ἐστίν,
2591 1128 2654 1178 ὡς
2687 1127 2784 1176 ἀπό
2811 1143 2956 1177 τινων

538 1211 813 1260 ἐπιστολῶν
842 1211 1235 1270 ἐμάθομεν-δαὶ
1266 1209 1351 1260 the
1374 1211 1537 1260 words
1559 1225 1710 1260 occur
1730 1209 1850 1272 only
1873 1209 1924 1259 in
1949 1209 2034 1260 the
2056 1209 2248 1275 margin
2272 1209 2329 1260 of
2350 1226 2448 1260 one
2469 1210 2529 1261 of
2549 1209 2630 1261 his
2652 1209 2826 1270 MSS„
2852 1207 2956 1258 and

474 1288 505 1348 5
539 1307 623 1343 are
644 1292 867 1357 possibly
888 1292 1033 1344 those
1054 1290 1114 1342 of
1127 1307 1193 1342 an
1217 1291 1353 1354 early
1376 1290 1611 1356 copyist).

840 1526 887 1566 1.
975 1509 1073 1566 To
1114 1509 1470 1581 ARTEMIUS‚
1518 1524 1739 1568 panesa·
1779 1525 1858 1568 OF
1900 1511 2324 1594 ALEXANDRIA
2369 1505 2506 1589 (Ep.
2539 1507 2642 1588 ii).

538 1651 701 1735 [Fac.
744 1651 819 1712 iii.
867 1671 898 1732 5
942 1651 1007 1735 (“
1023 1653 1189 1715 idem
1226 1655 1583 1716 Theodorus
1621 1654 1684 1717 in
1723 1655 1978 1734 epistola
2015 1657 2093 1717 ad
2121 1657 2456 1718 Artemium
2483 1655 2952 1718 Alexandrinum

1344 1754 1754 1830 presbyterum
1784 1751 2156 1835 secunda'’)].

602 1970 615 1981 ,
658 1913 827 1988 Quos
883 1910 1143 1990 oportuit
1198 1910 1347 1972 scire
1391 1911 1532 1990 quia
1576 1913 1816 1974 Patrem
1861 1923 1920 1974 et
1967 1913 2182 1973 Filium
2233 1925 2294 1975 et
2339 1913 2622 1992 Spiritum
2675 1925 2950 1974 sanctum

532 2010 870 2084 adoramuS,
900 2009 965 2070 in
992 2009 1119 2070 istis
1156 2008 1423 2069 diuinam
1463 2021 1522 2071 et
1563 2020 1868 2070 aeternam
1907 2020 1968 2070 et
2005 2010 2327 2072 increatam
2361 1997 2650 2088 compleri
2681 2011 2951 2072 dicentes

531 2107 867 2168 trinitatem.
958 2106 1242 2184 quoniam
1284 2106 1553 2167 eiusdem
1587 2107 1880 2168 essentiae
1921 2118 2010 2169 est
2047 2109 2524 2186 unumquodque
2561 2108 2791 2182 horum,
2831 2109 2953 2168 hoc

532 2215 637 2278 est,
668 2215 944 2264 aeternae
981 2202 1248 2263 omnium
1288 2203 1576 2263 sactorum
1605 2223 1821 2264 causae
1848 2215 1910 2264 et
1950 2225 2154 2266 reuera
2187 2204 2442 2266 diuinae.
2530 2216 2589 2267 et
2619 2207 2794 2266 Pater
2826 2225 2954 2266 non

428 2321 500 2359 10
529 2311 771 2379 propter
797 2299 976 2373 aliud,
1009 2300 1115 2359 sed
1144 2309 1382 2376 propter
1408 2299 1708 2378 propriam
1736 2301 2052 2361 essentiam
2079 2301 2419 2364 adorandus
2457 2312 2564 2362 est.
2648 2302 2732 2362 ita
2768 2300 2952 2362 etiam
2987 2341 2994 2346 -

531 2410 592 2461 et
620 2398 823 2472 Filius,
852 2417 977 2457 non
1006 2417 1113 2474 pro
1142 2396 1261 2457 alio
1298 2397 1417 2456 hoc
1452 2396 1769 2474 accipiens,
1802 2398 1910 2457 sed
1938 2396 2079 2474 quia
2105 2396 2264 2459 illius
2293 2409 2352 2459 et
2379 2398 2511 2459 talis
2540 2397 2831 2460 essentiae
2859 2409 2954 2460 est

529 2496 687 2557 circa
714 2516 895 2573 quam
923 2494 1290 2572 congruebat
1326 2493 1475 2554 haec
1509 2491 1758 2573 impleri.
1846 2493 2116 2556 similiter
2150 2495 2332 2556 etiam
2371 2505 2432 2558 et
2465 2495 2746 2574 Spiritum
2784 2516 2953 2557 sanc-

530 2605 656 2655 tum
688 2593 955 2654 eiusdem
990 2591 1281 2653 essentiae
1309 2602 1760 2669 cognoscenteS‚
1787 2604 2031 2670 propter
2059 2593 2356 2671 propriam
2391 2593 2710 2655 essentiam
2749 2596 2955 2655 adora-

529 2710 679 2751 mus.
768 2690 853 2749 sic
882 2700 943 2749 et
969 2699 1087 2748 tres
1115 2706 1401 2766 personas
1430 2688 1705 2763 dicimuS,
1727 2708 2214 2767 unamquamque
2243 2694 2566 2770 perfectam
2597 2702 2658 2752 et
2678 2691 2951 2753 eiusdem

429 2802 497 2862 15
530 2785 823 2847 essentiae
870 2794 1147 2843 aeternae
1190 2802 1261 2843 ae
1303 2782 1547 2844 diuinae
1590 2794 1652 2843 et
1694 2802 1898 2844 eorum
1943 2804 2098 2861 quae
2139 2786 2297 2844 facta
2339 2796 2477 2844 sunt
2518 2804 2761 2844 causam
2803 2786 2958 2847 arbi-

529 2894 751 2943 trantes
794 2900 923 2942 esse
934 2903 951 2955 3
994 2890 1054 2940 et
1091 2889 1207 2939 tres
1244 2880 1564 2939 adoramus
1604 2898 1906 2957 personaS,
1951 2881 2130 2940 unius
2168 2900 2268 2942 eas
2303 2880 2594 2941 essentiae
2635 2884 2954 2945 credentes

529 2997 735 3040 reuera
762 2976 1017 3038 diuinae.
1103 2976 1413 3053 quomodo
1442 2974 1644 3052 itaque
1671 2975 1954 3053 possibile
1988 2987 2076 3037 est
2115 2988 2382 3053 quartam
2421 2998 2738 3055 personam
2777 3002 2956 3060 super

530 3077 638 3136 has
671 3074 895 3135 addere
936 3073 1097 3133 illam
1136 3093 1291 3149 quae
1326 3073 1647 3152 adsumpta
1673 3084 1763 3135 est
1793 3074 1947 3135 serui
1977 3077 2272 3135 sormam?
2354 3096 2534 3153 quam
2572 3098 2769 3155 neque
2805 3079 2956 3141 eius·

532 3176 671 3235 dem
716 3170 1007 3232 essentiae
1047 3168 1397 3230 arbitramur
1438 3190 1608 3246 esse3
1664 3171 1762 3231 cui
1809 3192 2008 3250 neque
2056 3184 2299 3251 propter
2339 3193 2403 3233 se
2445 3177 2638 3236 cultus
2681 3177 2952 3253 debetur,

428 3294 504 3335 20
533 3287 728 3346 neque
756 3277 998 3345 propter
1024 3265 1321 3344 propriam
1360 3266 1676 3327 essentiam
1715 3268 1936 3330 debere
1973 3270 2271 3347 suscipere
2308 3270 2716 3332 adorationem
2745 3292 2956 3349 agnos-

533 3367 742 3439 cimuS‚
770 3384 967 3443 neque
996 3364 1187 3442 ipsam
1227 3364 1415 3425 solam
1458 3367 1620 3443 apud
1660 3386 1724 3427 se
1758 3366 1948 3428 diuise
1978 3367 2040 3428 in
2067 3367 2306 3446 propria
2333 3387 2588 3445 persona
2613 3370 2951 3447 adoramus,

535 3464 708 3527 sicuti
738 3462 927 3524 diuidi
957 3481 1091 3523 eam
1120 3472 1347 3539 putant.

1464 3720 1513 3759 2.
1602 3702 1702 3759 To
1743 3700 2043 3760 Domms.

541 3830 781 3927 [Leont.
842 3852 935 3919 ap.
1000 3841 1130 3901 Mai
1187 3838 1283 3901 vii.
1346 3844 1443 3917 69.
1546 3839 1896 3900 Anastasius
1949 3841 2038 3919 (qfi
2091 3810 2388 3901 Sirmond.a
2435 3851 2525 3918 ap.
2577 3843 2714 3901 Fac.
2763 3839 2836 3900 ix.
2890 3841 2956 3923 3)

719 3942 876 4016 eclog.
963 3936 1278 4018 (Θεοδώρου
1306 3939 1716 4017 Μοψουεστίας
1746 3942 1809 3998 ἐκ
1835 3942 1936 4016 τῆς
1961 3937 2103 4017 πρὸς
2130 3936 2359 4017 Δόμνον
2389 3936 2771 4020 ἔπιστολῆς)].

664 4090 738 4149 Ἡ
774 4089 895 4151 κατ’
934 4088 1189 4150 εὐδοκίαν
1222 4096 1333 4150 τῶν
1374 4089 1607 4166 φύσεων
1648 4088 1849 4152 ἔνωσις
1883 4088 2019 4165 μίαν
2043 4085 2384 4166 ἀμφοτέρων
2411 4089 2488 4167 τῷ
2512 4089 2613 4164 τῆς
2639 4084 2959 4165 ὅμωνυμῖας

544 4187 697 4268 λόγῳ
728 4186 1017 4267 ἐργάζεται
1043 4184 1150 4263 τήν
1175 4188 1585 4267 προσηγορίαν,
1616 4186 1722 4261 τήν
1761 4186 2018 4261 θέλησιν,
2048 4184 2154 4261 τήν
2183 4183 2479 4265 ἐνέργειαν,
2511 4184 2616 4259 τήν
2640 4184 2954 4259 αὖθεντίαν,

442 4310 509 4369 25
544 4284 647 4359 τήν
692 4283 1040 4357 δυναστείαν,
1090 4283 1196 4359 τήν
1245 4283 1596 4355 δεσποτείαν,
1643 4282 1748 4357 τήν
1794 4280 1974 4355 (ἰξίαν,
2031 4280 2138 4358 τήν
2194 4282 2467 4355 ἐξουσίαν,
2516 4278 2714 4359 μηδενὶ
2766 4280 2959 4365 τρόπῳ

544 4378 959 4455 λιαιρουμένην·
1027 4378 1147 4441 ἕνός
1199 4377 1537 4457 ἀμφοτέρων
1592 4377 1712 4439 κατ’
1766 4376 1940 4454 αὐτ-ἤν
1998 4376 2309 4457 προσώπου
2366 4378 2460 4437 καὶ
2509 4378 2813 4459 γενομένου
2869 4380 2963 4439 καὶ

547 4472 861 4552 ὃεγομένου.
1003 4476 1040 4511 *⁸¹*
1206 4477 1241 4511 ’κ’
1408 4478 1444 4511 “““
1609 4477 1647 4512 '¹'
1812 4477 1850 4511 ⁴*
2015 4476 2052 4511 ⁸*
2204 4475 2299 4535 καὶ
2326 4474 2387 4534 τί
2409 4474 2495 4533 δεῖ
2515 4474 2712 4535 πολλὰ
2737 4474 2930 4556 λέγειν
2941 4501 2958 4547 3
