3250 5025
265 365 393 431 III.
439 365 743 454 11—-13,]

981 381 1066 431 IN
1115 381 1219 432 ΕΡ.
1266 380 1368 431 AD
1413 379 1881 433 TIMOTHEUM
1930 381 1979 431 1.

2564 375 2685 441 129

260 549 387 616 illis
419 572 498 616 ea
529 573 704 636 quae
734 553 820 618 de
851 575 924 619 se
953 561 1111 618 sunt
1142 552 1446 630 referant,
1480 551 1847 618 necessarie
1878 571 2037 636 ergo
2070 549 2232 615 dicit
2274 570 2407 613 non
2439 547 2684 612 debere

259 676 372 720 eas
403 679 550 723 esse
579 657 1037 734 accusatriceS,
1069 657 1164 722 ita
1209 665 1285 721 ut
1327 677 1460 720 non
1508 655 1853 740 publicent
1896 654 2009 718 illa
2052 653 2199 719 aliis
2243 674 2420 736 quae
2465 673 2506 717 a
2537 651 2681 736 qui-

260 757 546 824 busdam
594 759 722 825 illis
769 760 1099 840 dicuntur,
1147 779 1231 822 ne
1273 779 1362 822 ex
1415 758 1544 822 hoc
1588 758 2051 822 contentiones
2084 755 2356 839 'aliquas
2408 752 2681 818 adnasci

261 861 511 928 faciant
543 873 660 928 aut
692 862 994 928 diuortia.

385 1013 654 1082 sobrias.

385 1139 514 1207 hoc
545 1152 664 1220 est,
699 1144 1040 1227 ‘argutas,’
1083 1144 1178 1206 ita
1215 1151 1290 1207 ut
1331 1141 1656 1226 impleant
1701 1163 1855 1206 cum
1903 1141 2264 1206 uelocitate
2311 1139 2539 1204 omnia
2569 1137 2683 1202 illa

259 1265 432 1326 quae
463 1265 504 1308 a
533 1266 606 1308 se
635 1246 774 1310 fieri
806 1246 1229 1311 conueniunt.
1319 1245 1563 1310 deinde
1593 1245 1893 1329 plenarie
1924 1244 2123 1309 dicit:

367 1395 602 1480 fideles
631 1395 701 1461 in
732 1395 1046 1463 omnibus.

389 1524 612 1590 media
658 1547 817 1591 uero
864 1527 1294 1611 interponens
1344 1525 1460 1590 illa
1506 1546 1683 1608 quae
1743 1524 1828 1590 de
1885 1525 2268 1590 mulieribus
2329 1523 2677 1589 diaconiae

255 1625 544 1690 officium
599 1627 1030 1712 fungentibus
1079 1639 1353 1713 propter
1410 1630 1702 1695 nominis
1775 1630 2047 1695 dixerat
2106 1632 2672 1708 communionem,
2718 1649 2796 1696 10

257 1733 351 1796 ita
405 1741 478 1797 ut
522 1733 906 1799 ostenderet
949 1735 1132 1818 quod
1179 1734 1324 1799 uult
1368 1733 1676 1799 similiter
1722 1743 1790 1799 et
1839 1733 2000 1798 istas
2056 1733 2293 1799 studiis
2348 1734 2671 1800 uirtutum

257 1833 614 1899 intendere.
703 1835 948 1900 deinde
1001 1838 1275 1901 resumit
1322 1837 1854 1919 prosecutionem
1918 1836 2100 1900 illam
2149 1857 2353 1920 quam
2397 1837 2486 1901 de
2532 1836 2677 1900 dia-

254 1933 531 1999 conibus
562 1935 628 1999 in
659 1936 1211 2020 praecedentibus
1241 1938 1526 2014 dixerat;
1559 1939 1824 2003 residua
1856 1937 2151 2003 adiciens
2182 1958 2197 2002 ε

386 2086 649 2150 diaconi
693 2087 962 2173 (inquit)
1013 2088 1155 2154 sint
1197 2090 1397 2154 unius
1441 2090 1665 2154 uxoris
1708 2089 1863 2166 uiri,
1891 2089 2083 2173 filios
2113 2087 2262 2154 bene
2300 2099 2583 2173 regentes
2616 2099 2681 2153 et

254 2207 416 2250 suas
443 2189 682 2254 domos.

387 2317 864 2399 compendiose
935 2319 1227 2403 idipsum
1304 2319 1469 2383 dicit
1546 2317 1731 2402 quod
1802 2320 1869 2384 in
1945 2317 2397 2402 superioribus
2461 2325 2531 2381 et
2588 2317 2677 2382 de

254 2420 662 2503 presbyteris
715 2422 998 2499 dixerat,
1053 2444 1174 2506 per
1234 2423 1462 2487 omnia
1512 2422 1877 2488 ostendens
1939 2424 2257 2507 quoniam
2318 2441 2677 2487 commune

255 2522 383 2587 illis
422 2523 569 2589 uult
613 2525 850 2591 adesse
894 2526 1190 2591 studium
1237 2526 1518 2593 uirtutis,
1606 2525 1853 2592 deinde
1888 2528 2046 2610 quia
2091 2526 2484 2592 infirmiores
2530 2545 2677 2588 esse

253 2626 568 2691 uidentur
596 2628 1000 2712 presbyteris
1033 2631 1400 2695 secundum
1437 2631 1742 2717 gradum,
1775 2630 2138 2697 ostendens
2179 2634 2338 2716 quia
2382 2633 2449 2697 in
2490 2632 2675 2697 nulla

253 2735 446 2809 parte
490 2729 905 2794 minorantur
947 2732 1036 2796 ab
1081 2731 1209 2795 illis
1254 2732 1309 2796 si
1356 2734 1725 2797 secund‘um
1770 2742 1846 2798 ut
1890 2736 2293 2799 conueniens
2337 2742 2440 2800 est
2480 2756 2673 2801 suum
2707 2756 2792 2805 20

253 2833 546 2898 officium
579 2835 857 2918 implere
887 2834 1234 2913 uoluerint,
1266 2836 1509 2900 adicit:

384 2984 505 3067 qui
540 2984 714 3050 enim
760 2984 908 3051 bene
947 2985 1496 3066 minzlrtrauerint,
1530 2989 1827 3071 gradum
1870 2989 2004 3053 sibi
2042 2989 2273 3055 bonum
2315 2988 2683 3074 adquirunt

250 3094 318 3149 et
344 3086 620 3151 multam
632 3086 960 3171 fiduciam
991 3088 1093 3172 [in
1105 3088 1274 3173 fide]
1305 3110 1469 3172 quae
1494 3102 1590 3155 est
1618 3090 1689 3154 in
1725 3088 1981 3157 Christo
2010 3091 2175 3154 Iesu.

354 3267 382 3301 α
417 3251 676 3317 duplicent
697 3268 730 3303 r

257 3330 524 3381 ostendere
545 3332 616 3381 H

255 3415 490 3467 straverit
510 3414 608 3465 H*

762 3346 823 3396 15
855 3333 1035 3383 domos
1057 3350 1172 3384 suas
1193 3352 1228 3383 r

808 3430 870 3478 23
891 3415 944 3465 in
967 3415 1068 3467 fide
1088 3434 1166 3467 om
1195 3418 1241 3467 C
1268 3418 1337 3467 H

321 3566 370 3619 6.
442 3574 668 3634 argutas,
693 3568 766 3619 ita
793 3574 865 3632 ut,
898 3569 1016 3633 &c.]
1083 3571 1181 3622 See
1214 3586 1281 3621 on
1312 3589 1362 3622 v.
1393 3585 1421 3622 α

254 3650 330 3714 (p.
362 3651 471 3707 108,
497 3650 531 3699 1.
562 3650 658 3714 10).

327 3746 405 3792 14.
475 3733 634 3781 unius
669 3733 846 3783 uxoris
873 3732 1006 3796 uiri]
1040 3734 1218 3800 Chrys·
1244 3737 1420 3796 (ταῦτα

252 3810 370 3872 περὶ
389 3807 626 3870 mx&
640 3808 873 3861 διακόνων
893 3809 1122 3875 ἁρμόττει
1153 3813 1410 3878 εἰρῆσθαι),

253 3892 492 3943 followed
523 3894 591 3959 by
613 3894 770 3945 Thdt.
797 3894 928 3957 (κατ’
961 3898 1143 3958 ἐκείνην
1163 3896 1254 3957 τὴν
1275 3898 1416 3960 ἑρμη-

252 3974 390 4021 νείαν
419 3975 500 4021 καὶ
531 3976 675 4024 τοῦτο
697 3974 912 4039 number)
949 3977 1052 4027 and
1088 3978 1213 4029 Oec.
1239 3975 1416 4043 (ταῦτα

254 4056 310 4103 δὲ
367 4056 450 4104 καὶ
495 4057 606 4118 περὶ
649 4057 970 4108 διακονισσῶν
1015 4061 1090 4109 δεῖ
1141 4060 1410 4125 δέχεσθαι),

253 4144 496 4187 connects
529 4138 630 4188 this
668 4155 810 4191 verse
847 4140 970 4191 with
1015 4141 1102 4192 the
1145 4143 1416 4208 preceding

251 4219 326 4281 by
370 4220 648 4285 supposing
695 4222 802 4272 that
849 4222 888 4272 it
935 4222 1132 4289 applies
1187 4224 1418 4285 (mutatis

251 4302 532 4363 mutandis)
590 4310 644 4353 to
698 4305 1027 4355 deaconesses
1081 4322 1138 4356 as
1191 4307 1306 4357 well
1360 4323 1416 4358 as

249 4383 491 4435 descens-
593 4384 691 4436 Th.
763 4386 968 4451 regards
1031 4403 1082 4438 v·
1151 4404 1204 4439 11
1271 4404 1328 4439 as
1386 4404 1416 4438 a

251 4466 585 4531 parenthesis,
623 4470 725 4519 and
763 4486 807 4521 v.
857 4487 912 4521 η
953 4488 1009 4522 as
1047 4472 1232 4539 simply
1271 4472 1415 4524 reite-

427 4580 480 4629 S.
545 4580 618 4633 ΙΙ.

949 3269 982 3319 9
1013 3254 1246 3305 diaconia
1275 3254 1352 3306 C*
1377 3258 1447 3307 H

1392 3335 1455 3388 16
1485 3335 1612 3387 dixit
1635 3354 1669 3386 r
1694 3334 1704 3401 Ι
1730 3342 1781 3387 et
1804 3336 1904 3402 (ast
1923 3337 2082 3403 quod)
2104 3336 2293 3386 addH

1632 3273 1693 3308 10
1725 3256 1889 3307 officia
1910 3256 1979 3307 H
1985 3256 2151 3307 officio
2178 3256 2223 3306 C
2242 3254 2391 3321 (corr)
2618 3272 2673 3308 ιι

2438 3352 2497 3387 22
2533 3353 2676 3387 mnn-

1525 3572 1692 3639 rating
1729 3572 1783 3623 in
1818 3573 1903 3623 the
1937 3586 2051 3623 case
2089 3570 2150 3623 of
2185 3572 2403 3623 deacons
2442 3571 2529 3622 the
2572 3572 2680 3622 rule

1521 3656 1727 3719 already
1748 3655 1978 3720 imposed
2000 3670 2069 3705 on
2091 3654 2179 3704 the
2200 3654 2463 3703 ἐπίσκοποι
2484 3652 2577 3713 (iii.
2606 3652 2673 3717 τι).

1570 3736 1719 3802 filios
1761 3736 1876 3786 bene
1921 3740 2145 3800 regentes,
2196 3732 2315 3795 &c,]
2372 3732 2443 3784 So
2483 3732 2548 3784 Ο.
2591 3732 2677 3793 L.;

1520 3817 1694 3881 Vulg„
1734 3815 1876 3881 “qui
1908 3815 2025 3865 filiis
2058 3814 2160 3864 suis
2202 3814 2333 3863 bene
2362 3818 2599 3877 praesunt
2627 3822 2679 3863 et

1518 3898 1620 3949 suis
1642 3896 1928 3948 domibus.”

1589 3978 1667 4029 16.
1722 3978 1781 4029 in
1800 3985 1909 4043 sup.
1930 3984 1976 4027 et
1994 3975 2373 4041 depresbytmk]
2407 3974 2489 4027 Cf.
2504 3982 2677 4041 supra,

1517 4076 1567 4125 p.
1593 4075 1676 4127 99,
1700 4061 1733 4111 l.
1764 4076 1795 4127 9
1818 4076 1916 4126 sq„
1944 4066 2105 4111 notes·

1587 4156 1667 4191 πο.
1736 4141 2065 4191 minorantur
2099 4140 2161 4189 ab
2191 4139 2319 4201 illis]
2360 4140 2679 4190 ἐλαττοῦνται

1516 4225 1713 4273 ἐκείνων
1734 4224 1814 4285 (Ρ).
1883 4222 1965 4273 Cf.
1992 4223 2213 4283 Ronsch,
2242 4224 2399 4280 Itala,
2434 4238 2521 4289 pp.
2567 4234 2677 4287 172,

1516 4319 1635 4370 45²·

1588 4407 1667 4457 23.
1740 4391 1800 4442 in
1838 4390 1969 4456 fide]
2026 4390 2257 4441 Omitted
2309 4388 2431 4439 here
2483 4388 2537 4439 in
2590 4388 2680 4439 the

1517 4473 1616 4524 MS
1623 4472 1674 4525 S.
1688 4508 1700 4531 ,
1710 4472 2041 4538 butsupplied
2050 4471 2153 4537 just
2162 4470 2328 4522 below
2336 4469 2404 4536 (p.
2414 4484 2521 4533 130,
2530 4469 2566 4521 1.
2580 4467 2677 4533 η).

2461 4585 2506 4647 9

2758 1020 2787 1086 5

2712 2202 2784 2270 Ι5
