3250 5025
317 388 369 450 1.
401 389 463 464 6,
495 387 580 472 7.]
888 402 973 452 IN
1021 400 1127 453 EP.
1174 402 1280 451 AD
1324 398 2077 477 THESSALONICENSES
2125 400 2169 449 1.
2700 392 2729 461 5

317 574 580 638 uidetur
610 571 1170 651 exhortationem,
1201 573 1530 657 siquidem
1575 572 1644 636 in
1681 573 2002 655 pressuris
2044 591 2177 635 non
2222 570 2437 635 solum
2473 571 2736 635 imitare

313 665 656 759 apostolos
701 678 1030 752 uidentur,
1076 678 1192 741 sed
1241 687 1308 740 et
1354 678 1572 759 ipsum
1630 675 2015 740 Dominum.
2106 676 2350 741 deinde
2404 686 2471 740 et
2523 676 2735 739 mani-

313 778 552 841 festam
598 779 848 843 faciens
893 780 1336 843 imitationem
1384 798 1586 862 quam
1635 778 1835 841 dicit:

441 928 845 1009 suscipientes
890 927 1151 1012 (inquit)
1199 927 1462 991 uerbum
1507 927 1576 991 in
1608 892 2023 992 tribulatione
2062 927 2275 992 multa
2313 948 2457 992 cum
2485 927 2738 1011 gaudio
2804 926 2810 935 '

317 1026 616 1110 Spiritus
656 1030 881 1095 sancti.
2810 1037 2841 1104 5
2896 1054 2903 1059 “

446 1160 717 1235 ‘passus
765 1154 1027 1238 (inquit)
1073 1167 1174 1219 est
1209 1156 1542 1220 Dominus
1583 1177 1706 1239 pro
1747 1157 1958 1233 nobiS,
1990 1176 2108 1239 per
2146 1176 2406 1219 crucem
2449 1155 2734 1220 salutem

313 1244 507 1320 nobis
539 1259 924 1341 expediens
1010 1269 1077 1322 et
1123 1260 1245 1342 ipsi
1291 1280 1410 1342 pro
1458 1258 1572 1323 illa
1617 1258 1751 1323 fide
1792 1281 1964 1343 quae
2006 1261 2072 1323 in
2120 1279 2273 1323 eum
2319 1269 2421 1324 est
2460 1259 2735 1324 tribula-

314 1360 566 1422 tionem
623 1361 1051 1436 sustinentes,
1098 1371 1172 1424 ut
1225 1363 1453 1424 sciatis
1501 1371 1571 1426 et
1623 1381 1746 1423 nos
1793 1372 1861 1425 et
1911 1362 2132 1424 Deum
2184 1362 2521 1439 imitasse3
2572 1382 2736 1445 quo-

313 1462 492 1524 niam
555 1462 666 1525 illa
726 1483 898 1545 quae
959 1464 1174 1525 tristia
1233 1475 1422 1528 erant
1474 1464 1568 1527 ita
1621 1464 2028 1527 sustinuistis
2076 1483 2227 1526 cum
2281 1463 2550 1547 gaudi0,
2600 1482 2735 1525 non

309 1564 602 1645 grauiter
655 1564 767 1627 illa
821 1564 1105 1628 serentes
1158 1586 1330 1648 quae
1397 1567 1588 1630 uobis
1635 1567 2046 1641 accidebant,
2094 1568 2210 1630 sed
2270 1567 2451 1630 bono
2510 1566 2735 1629 animo
2772 1576 2851 1626 10

313 1665 528 1729 fuistis
589 1668 678 1730 ob
739 1667 854 1731 illa
925 1669 1106 1731 bona
1181 1689 1356 1751 quae
1424 1667 1579 1732 hinc
1651 1670 1843 1734 uobis
1916 1670 2186 1732 retribui
2258 1662 2737 1753 expectantur.’

310 1763 434 1847 †et
483 1769 653 1833 bene
705 1770 950 1833 adiecit
993 1772 1223 1835 dicens
1281 1770 1580 1853 Spiritus
1630 1770 1880 1847 sancti,·
1947 1792 2071 1835 nec
2124 1773 2303 1835 enim
2358 1781 2502 1835 erat
2544 1770 2739 1834 aliter

310 1874 603 1955 gaudere
645 1874 792 1937 illos
824 1876 936 1957 qui
980 1875 1065 1938 ad
1110 1896 1423 1957 praesens
1469 1876 1905 1939 tristabantur
1936 1897 2054 1958 pro
2088 1876 2217 1938 illis
2248 1896 2420 1958 quae
2450 1874 2734 1937 necdum

312 1974 727 2052 uidebantur,
759 1978 884 2040 nisi
929 1978 1040 2040 illa
1083 1976 1404 2040 miracula
1445 1998 1617 2060 quae
1650 1999 1689 2041 a
1723 1976 1975 2060 Spiritu
2020 1977 2272 2042 fiebant
2314 1977 2575 2041 firmam
2608 1976 2736 2040 illis

309 2078 510 2143 fidem
552 2080 639 2143 de
679 2080 912 2144 futuris
955 2080 1507 2163 praepararent*;
1555 2091 1630 2144 ut
1671 2081 1755 2144 ad
1801 2080 1951 2143 illas
1990 2082 2269 2147 uirtutes
2304 2080 2736 2161 inspicientes
2774 2093 2842 2160 15

312 2184 506 2248 facile
559 2186 820 2267 possint
869 2184 1034 2247 serre
1084 2184 1212 2259 illa,
1263 2204 1435 2267 quae
1490 2184 1554 2246 in
1617 2184 1949 2266 praesenti
2000 2185 2305 2247 tristitiae
2350 2181 2550 2264 plena
2595 2202 2739 2244 esse

312 2288 727 2351 uidebantur.
819 2298 888 2351 et
928 2308 1182 2376 augens
1224 2289 1290 2351 in
1330 2288 1596 2350 laudem
1640 2306 1867 2349 eorum
1913 2286 2027 2350 illa
2072 2308 2246 2370 quae
2291 2286 2376 2351 ad
2424 2285 2737 2351 exhorta-

309 2393 558 2456 tionem
606 2390 868 2453 illorum
916 2389 1043 2452 illis
1091 2390 1250 2471 ipsis
1298 2398 1614 2472 poterunt
1659 2389 2061 2452 conuenire:

441 2529 538 2593 ita
597 2539 674 2592 ut
711 2527 967 2612 fieretis
1005 2527 1244 2610 forma
1301 2526 1597 2590 omnibus
1654 2525 2053 2590 credentibus
2112 2527 2181 2590 in
2232 2525 2622 2589 Macedonia
2679 2536 2742 2589 et

309 2631 586 2695 Achaia.
2768 2634 2852 2682 20

439 2804 660 2870 καλῶς
708 2801 775 2866 δὲ
827 2800 1230 2890 προσέθηκεν
1279 2799 1353 2867 τὸ
1403 2805 1761 2876 πΝεΫΜατοσ
1813 2800 1994 2876 cir-ior.
2071 2798 2146 2865 οὐ
2196 2798 2325 2884 γὰρ
2377 2798 2458 2879 ἤν
2509 2797 2737 2884 ἑτέρως

315 2905 594 2970 ἐνταῦθα
640 2905 1083 2987 λυπουμένους
1127 2904 1380 2993 χαίρειν
1429 2903 1590 2989 ὑπὲρ
1640 2907 1773 2970 τῶν
1823 2903 1895 2970 οὗ
1947 2902 2365 2990 φαινομένων,
2414 2901 2471 2967 εἰ
2512 2900 2601 2983 μὴ
2655 2901 2741 2967 τὰ

309 3003 440 3072 ὑπὸ
473 3010 590 3072 τοῦ
619 3006 982 3088 πνεύματος
1010 3006 1318 3092 γενόμενα
1346 3008 1650 3089 θαύματα
1676 3005 1966 3086 βεβαίαν
1996 3005 2213 3078 αὐτοῖς
2252 3010 2567 3094 παρεῖχεν
2608 3008 2737 3072 τῶν

311 3105 693 3186 μελλόντων
726 3109 844 3186 τὴν
883 3107 1132 3172 πίστιν.

407 3272 436 3306 2
471 3257 670 3308 uidetur
695 3258 739 3308 C
757 3259 824 3308 H
837 3275 869 3307 r
1167 3277 1194 3324 3
1229 3260 1348 3310 facit
1371 3276 1403 3308 r
1431 3258 1438 3324 Ι
1467 3275 1580 3310 cum
1604 3259 1719 3324 (sor
1739 3261 1909 3325 quam)
1934 3276 1967 3307 r
1992 3257 2001 3324 1
2028 3259 2163 3308 dicat
2190 3260 2235 3308 C
2525 3279 2555 3322 4
2589 3258 2641 3308 in
2664 3274 2733 3307 m.

306 3339 422 3388 trib.
447 3341 516 3388 H
700 3339 733 3391 6
765 3358 816 3406 p.
841 3349 916 3393 est
939 3343 1100 3408 inquit
1129 3345 1171 3392 C
1365 3345 1396 3394 8
1430 3353 1480 3393 et
1505 3343 1610 3408 (bes
1623 3343 1809 3408 Deum)
1834 3359 1911 3392 om
1941 3343 1983 3392 C
2005 3341 2155 3404 (corr)
2360 3358 2392 3409 9
2426 3342 2627 3391 tristitia
2655 3341 2731 3390 C‘

315 3437 368 3469 ια
406 3423 498 3472 erit
519 3423 590 3472 H
793 3441 848 3489 ¹3
885 3425 970 3490 qui
994 3426 1108 3491 (fhr
1127 3427 1276 3492 quae)
1303 3443 1335 3475 r
1567 3426 1624 3478 16
1660 3427 1806 3476 facile
1830 3426 1955 3475 ferre
1978 3443 2030 3491 p.
2061 3425 2103 3474 C
2123 3441 2156 3473 r
2376 3439 2434 3474 21
2462 3441 2539 3489 sq.
2574 3423 2733 3474 Coisl.

309 3523 422 3570 204,
445 3509 482 3557 s.
514 3507 648 3569 163a
671 3508 778 3571 [Cr.
807 3509 872 3557 vi.
900 3507 1015 3572 346]
1041 3506 1196 3558 καλῶς
1219 3511 1286 3569 δέ,
1316 3526 1408 3559 κ.τ.
1419 3512 1468 3558 λ.
1672 3523 1733 3571 23
1769 3505 1861 3557 ὑπὸ
1886 3509 2155 3566 πνεύματος
2178 3505 2262 3556 Cr.

305 3672 496 3732 μᾶλλον
527 3673 580 3721 δὲ
609 3671 808 3720 πάντων
835 3670 1087 3732 μέγιστον,
1121 3669 1179 3719 τὰ
1212 3671 1292 3720 καὶ
1325 3667 1472 3720 αὐτοῦ
1572 3667 1671 3717 and
1706 3667 1861 3718 Thdt.
1898 3667 2015 3716 take
2059 3666 2237 3730 higher
2266 3665 2495 3730 ground:
2541 3662 2573 3725 ἡ
2604 3667 2737 3728 χαρὰ

307 3755 394 3803 τοῦ
415 3754 654 3803 δεσπότου
675 3751 985 3812 μιμήσασθαι
1005 3751 1070 3801 τὰ
1093 3752 1380 3812 παθήματα.
1571 3753 1623 3798 ἐν
1664 3751 1759 3798 τοῖς
1798 3752 2159 3808 πνευματικοῖς·
2194 3747 2387 3798 πάντων
2416 3750 2649 3811 μέγιστον
2679 3750 2735 3798 τὸ

373 3855 420 3898 4.
490 3835 814 3898 suscipientes]
881 3835 952 3885 So
973 3836 1253 3893 Ambrstr.;
1289 3835 1463 3900 Vulg„
1577 3832 1958 3890 ...πνευματικῆς
1978 3829 2149 3889 ἡδονῆς
2172 3831 2501 3892 ἐμφορεῖσθαι.

305 3933 408 3967 exc.
472 3916 552 3966 Cf.
575 3916 734 3979 infra,
765 3931 816 3979 p.
848 3931 920 3980 13,
950 3917 984 3966 l.
1011 3931 1086 3979 15,
1113 3927 1246 3967 note.
1643 3915 1716 3963 18.
1788 3913 1895 3960 illis
1935 3911 2078 3976 ipsis]
2146 3911 2293 3960 Read
2334 3911 2555 3976 perhaps
2599 3913 2738 3962 rebus

379 4012 455 4047 ια.
517 3997 629 4046 bene
648 3996 826 4046 adiecit
842 3998 890 4047 d.
927 3999 1036 4062 ‘Sp.
1057 3997 1138 4060 s.’]
1195 3998 1275 4048 Cf.
1293 4005 1464 4062 supra,
1573 3995 1710 4059 apsis.

307 4095 355 4143 p.
385 4095 436 4140 4,
473 4075 506 4125 1.
533 4091 582 4132 2,
616 4083 753 4126 note.
823 4077 928 4126 lVec
969 4078 1476 4127 enim...uidebantur
1646 4091 1719 4141 ¹9·
1773 4075 1982 4140 fiet-etth]
2048 4075 2116 4126 Ο.
2156 4075 2216 4124 L.
2262 4075 2363 4125 and
2408 4075 2579 4140 vulg„
2605 4075 2740 4139 fizcti

307 4157 564 4222 (omitting
579 4159 1092 4208 illos...tristabantur
1113 4160 1214 4208 and
1231 4159 1464 4208 substitu-
1567 4157 1711 4216 sitis;
1750 4157 2019 4218 Ambrstr„
2045 4157 2251 4222 βὰν-ἰτὼ
2286 4161 2367 4214 (an
2399 4173 2537 4207 error
2568 4158 2625 4206 of
2653 4159 2739 4206 the

303 4241 416 4305 ting
430 4240 708 4304 gauderent
722 4240 799 4290 sor
813 4247 921 4289 erat
934 4241 1186 4306 gaudere),
1203 4241 1466 4290 Lansranc.
1569 4239 1755 4289 scribes
1788 4239 1863 4289 sor
1878 4239 2140 4303 fieretisf).
2206 4240 2393 4288 Forma
2424 4239 2465 4289 is
2487 4241 2737 4305 probably

374 4338 451 4388 15.
520 4323 593 4372 ad
610 4324 728 4372 illas
746 4323 866 4372 uirt.
891 4324 1044 4388 insp.]
1081 4325 1178 4373 Le.
1197 4323 1288 4388 joy
1309 4323 1367 4373 os
1383 4324 1470 4373 the
1569 4323 1698 4372 from
1722 4322 1807 4372 the
1834 4321 2015 4386 Vulg.;
2049 4321 2192 4371 Th.'s
2226 4328 2330 4371 text
2356 4321 2458 4384 (see
2481 4338 2533 4386 p.
2552 4320 2599 4382 6,
2630 4321 2666 4370 1.
2688 4321 2737 4384 3)

307 4399 620 4470 Holythist
633 4403 772 4469 :joy
782 4406 1036 4470 produced
1049 4407 1114 4468 by
1131 4405 1216 4456 the
1232 4406 1471 4456 evidence
1568 4419 1731 4454 seems
1789 4412 1843 4453 to
1896 4404 2026 4454 have
2078 4405 2343 4473 presented
2401 4406 2594 4461 τύπους,
2634 4403 2737 4453 and

305 4485 364 4534 of
375 4485 604 4534 miracles
617 4485 846 4550 wrought
863 4486 930 4549 by
944 4485 1042 4535 His
1061 4501 1247 4550 power.
1289 4485 1467 4549 Chrys.
1569 4501 1628 4536 so
1651 4486 1849 4551 Chrys..
1874 4485 2046 4547 Thdt„
2077 4486 2247 4548 Dam.,
2275 4487 2371 4538 &c.
