3250 5025
315 347 441 415 IV.
476 363 537 430 7,
570 346 653 430 8.]

1046 360 1125 410 IN
1178 360 1279 410 ΕΡ.
1328 360 1429 409 AD
1476 358 1940 410 TIMOTHEUM
1989 358 2066 408 11.

2613 356 2732 419 225

449 545 465 571 ‘
484 536 899 621 propinquus
930 533 1091 599 mihi
1122 543 1226 599 est
1248 535 1473 599 exitus
1504 535 1685 599 uitae
1715 534 2105 617 praesentiS,
2137 543 2206 597 et
2239 534 2370 597 iam
2403 532 2576 597 ultra
2609 553 2742 597 non

316 640 584 706 habebo
635 651 905 723 tempus
962 658 1387 703 commonere
1447 647 1515 703 te
1574 639 1663 703 de
1721 638 1826 702 his
1884 657 2060 721 quae
2121 636 2259 701 fieri
2319 636 2742 701 conueniant.

319 744 499 809 unde
549 754 621 809 et
668 744 844 807 hanc
891 742 1017 809 feci
1064 744 1153 808 ad
1198 753 1269 807 te
1326 742 1867 808 exhortationem
1923 742 2050 807 sub
2102 750 2277 807 teste
2331 740 2518 806 Deo!

2607 760 2742 805 non

320 848 629 912 absolute
680 848 857 912 dixit
904 848 1084 926 libor,
1138 848 1255 913 sed
1305 848 1465 932 quia
1511 866 1634 930 pro
1689 846 1937 913 Christi
1993 845 2413 910 confessione
2455 854 2739 909 mortem

320 961 463 1016 erat
490 952 847 1029 subiturus,
882 951 1270 1017 libationem
1315 952 1528 1030 dixit;
1573 970 1732 1016 nam
1771 950 2006 1016 libatio
2053 951 2191 1015 uini
2234 949 2478 1015 dicitur
2505 948 2740 1014 effusio
2814 960 2846 1027 5

320 1074 493 1137 quae
522 1054 598 1119 fit
630 1055 696 1120 in
726 1055 936 1120 diuini
967 1056 1239 1121 honoris
1268 1056 1677 1140 expiatione.

448 1234 762 1290 certamen
794 1226 1027 1291 bonum
1073 1226 1335 1304 certaui,
1366 1248 1629 1291 cursum
1659 1229 2118 1305 consummaui,
2133 1227 2344 1312 fidem
2373 1225 2656 1295 seruaui.

450 1374 585 1419 non
644 1354 971 1438 plaudens
1030 1376 1104 1420 se
1173 1355 1301 1422 ista
1360 1359 1540 1435 dicit,
1600 1358 1718 1423 sed
1795 1359 1881 1423 ad
1963 1358 2504 1423 exhortationem
2580 1352 2742 1418 dicit

320 1455 677 1523 Timothei.
722 1458 851 1523 hoc
874 1467 994 1537 est,
1018 1460 1417 1525 ‘secundum
1450 1470 1719 1544 tempus
1749 1460 1930 1544 quod
1965 1460 2032 1525 in
2064 1459 2190 1524 hac
2221 1462 2362 1525 uita
2389 1459 2740 1536 habebam,

320 1559 548 1624 omnia
576 1581 749 1643 quae
788 1561 953 1625 mihi
994 1562 1323 1645 pertinere
1359 1562 1761 1628 uidebantur
1799 1562 2202 1648 implebam!
2291 1573 2359 1629 et
2397 1584 2571 1649 quae
2611 1562 2743 1629 alia
2779 1577 2857 1625 10

319 1660 621 1727 laborum
655 1664 953 1729 merces?

449 1814 527 1880 de
574 1826 770 1881 cetero
821 1816 1093 1900 reposita
1138 1828 1235 1882 est
1268 1816 1441 1882 mihi
1473 1817 1765 1883 iustitiae
1803 1840 2048 1896 corona,
2079 1840 2278 1901 quam
2330 1818 2550 1883 reddet
2577 1818 2749 1883 milti

319 1917 653 1983 Dominus
684 1919 754 1983 in
788 1920 907 1983 illa
937 1919 1045 1983 die
1073 1920 1285 1984 iustus
1316 1921 1524 1985 iudex.

451 2049 624 2113 bene
678 2048 966 2114 iustitiae
1014 2069 1312 2114 coronam
1371 2052 1638 2116 uocauit
1702 2050 1886 2115 illam
1945 2070 2119 2134 quae
2177 2048 2743 2135 contemplatione

321 2148 624 2213 laborum
657 2150 871 2215 datur.
946 2159 1016 2214 et
1047 2149 1293 2215 iustum
1324 2151 1596 2217 iudicem
1628 2153 2020 2229 nominauit,
2050 2153 2135 2217 ad
2167 2152 2739 2219 confirmationem
2777 2164 2845 2231 15

421 2386 450 2421 α
484 2384 800 2421 commouere
826 2368 899 2421 C’
1031 2390 1063 2434 4
1095 2370 1293 2422 delibor
1312 2387 1346 2420 r

320 2462 572 2504 certamen
595 2468 628 2502 r

319 2553 397 2586 om
428 2551 463 2586 r
487 2533 497 2600 Ι
523 2535 649 2585 dixit
678 2535 793 2600 (ῥι-
810 2535 931 2586 dicit
967 2533 1087 2599 [1⁰J)
1125 2536 1194 2585 H

320 2615 418 2680 ΗΙ
444 2625 495 2667 et
531 2631 915 2682 quae...merces
942 2633 1023 2667 om
1058 2614 1124 2681 νΙ
1152 2615 1308 2666 alium
1351 2617 1476 2667 CH

327 2714 386 2762 14
418 2697 779 2762 contemplatio
800 2696 869 2748 H
881 2696 1029 2762 (corr)

388 2835 431 2882 3.
526 2835 631 2870 non
674 2819 889 2870 absolute
929 2820 1067 2870 dixit
1110 2825 1123 2849 ⁴
1138 2820 1266 2871 libor
1278 2817 1313 2884 ’]
1385 2821 1483 2871 See

320 2900 407 2952 the
444 2917 628 2952 comm.
660 2901 761 2950 and
798 2908 942 2951 notes
981 2917 1048 2951 on
1072 2900 1210 2952 Phil.
1246 2900 1301 2952 ii.
1334 2914 1391 2965 17
1417 2902 1476 2962 (1.

320 3000 369 3049 p.
401 2982 499 3033 226
530 2985 647 3048 sq.).
717 2983 873 3033 Thdt.
913 2982 986 3032 ad
1010 2983 1061 3032 h.
1084 2983 1147 3034 l.=
1180 2985 1395 3043 σπονδὴν
1429 2983 1482 3033 δὲ

322 3063 467 3114 αὐτοῦ
488 3069 579 3128 τὴν
598 3065 802 3127 σφαγὴν
825 3066 1233 3127 προσηγόρευσεν,
1256 3063 1319 3114 ὡς
1362 3065 1483 3126 ὑπὲρ

319 3142 567 3209 εὐσεβείας
586 3147 877 3208 ἐκχεομένου
902 3147 989 3196 τοῦ
1015 3149 1229 3206 αἵματος.
1298 3145 1475 3211 Chrys.

318 3226 447 3276 adds
468 3239 500 3274 a
520 3226 619 3276 less
642 3219 885 3291 probable
906 3241 1083 3275 roeson
1108 3225 1183 3274 for
1205 3223 1293 3276 the
1314 3241 1401 3274 use
1426 3223 1487 3274 of

319 3310 590 3369 σπένδομαι
622 3309 792 3360 rather
830 3308 953 3359 than
986 3307 1073 3358 the
1105 3321 1245 3357 more
1275 3306 1481 3372 general

321 3392 526 3451 θύομαιε
572 3391 657 3450 τῆς
699 3391 789 3448 μὲν
830 3391 929 3452 ’γὰρ
972 3390 1140 3439 θυσίας
1184 3385 1237 3439 οὔ
1279 3389 1337 3438 τὸ
1378 3390 1479 3438 πᾶν

320 3471 611 3532 ἀναφέρεται
654 3466 726 3532 τῷ
770 3467 883 3532 θεῷ,
926 3471 1013 3530 τῆς
1066 3471 1121 3519 δὲ
1170 3471 1378 3530 σπονδῆς
1419 3469 1479 3518 τὸ

319 3553 453 3601 ὅλον.
512 3550 623 3601 The
646 3551 797 3600 Latin
817 3558 1222 3612 commentatore,
1244 3549 1479 3600 notwith-

318 3633 555 3698 standing
597 3631 683 3682 the
727 3631 1041 3682 faithfulness
1084 3631 1143 3682 of
1191 3631 1277 3681 the
1327 3629 1477 3680 Latin

318 3715 555 3773 versions,
606 3713 725 3762 miss
769 3713 855 3762 the
899 3712 1043 3778 point
1088 3712 1149 3763 of
1190 3713 1471 3771 everelinum,

317 3794 612 3858 contenting
634 3793 933 3844 themselves
956 3793 1079 3844 with
1102 3795 1188 3843 the
1215 3794 1335 3843 bare
1362 3793 1479 3842 idea

316 3877 377 3928 of
401 3875 657 3927 sacrificez
691 3892 797 3940 e-g.
823 3876 1101 3927 Ambrstr.:
1140 3877 1176 3900 “
1190 3875 1477 3940 passionem

323 3975 524 4010 ...suam
547 3958 905 4008 delibationem
921 3958 1143 4023 appellat
1162 3975 1177 4019 ;
1212 3957 1325 4008 Deo
1342 3957 1475 4008 enim

314 4043 683 4102 immolatur,
720 4041 808 4108 qui
844 4057 938 4108 pro
976 4041 1083 4092 eius
1116 4040 1305 4093 iustitia
1344 4042 1475 4107 pati·

314 4124 446 4178 tur.”

381 4206 433 4258 8.
501 4223 603 4258 non
626 4207 876 4272 plaudens
906 4207 975 4270 se]
1042 4207 1221 4273 Chrys.
1251 4207 1351 4257 had
1386 4207 1476 4258 felt

315 4287 417 4338 this
460 4287 718 4351 difficulty,
767 4289 869 4338 and
911 4287 989 4338 hit
1030 4302 1168 4352 upon
1211 4301 1243 4336 a
1286 4285 1475 4336 similar

312 4369 561 4420 solution:
618 4366 857 4420 πολλάκις
897 4370 985 4420 τὸν
1027 4369 1307 4418 ἀπόστολον
1349 4368 1475 4428 μετὰ

314 4452 480 4512 χεῖρας
522 4451 690 4514 λαβὼν
731 4452 833 4514 ἐγὼ
874 4451 955 4502 καί
997 4451 1057 4500 τὸ
1099 4450 1277 4514 χωρίον
1328 4449 1474 4500 τοῦτο

489 4563 540 4612 S.
582 4563 653 4612 11.

786 2454 817 2503 8
851 2452 1065 2520 pludens
1104 2454 1227 2503 CH
1286 2453 1463 2503 ludens
1476 2386 1697 2518 ἳοὶἰοεζ)
1721 2452 1747 2501 Ι
1770 2449 1778 2517 Ι
1806 2452 1932 2501 dixit
1955 2452 2024 2501 H
2035 2452 2061 2501 l
2084 2450 2093 2518 Ι
2119 2452 2215 2502 sibi
2245 2451 2350 2518 (for
2374 2454 2449 2516 se)
2482 2451 2527 2503 C
2557 2454 2742 2515 (συνῆς

1328 2549 1361 2601 9
1394 2535 1648 2586 habebant
1683 2533 1756 2584 C·
1810 2534 2029 2585 habebat
2064 2535 2168 2583 Ην

1797 2367 1831 2419 6
1863 2369 2198 2435 expiationem
2226 2371 2272 2421 C
2292 2366 2441 2434 (corr)
2556 2383 2584 2434 7
2618 2371 2736 2423 bon.

2320 2550 2378 2586 10
2409 2534 2742 2600 implebamus

1681 2631 1739 2666 n
1772 2631 1960 2667 corona
1996 2615 2109 2666 inst.
2141 2616 2212 2666 H
2402 2632 2460 2682 ¹3
2494 2617 2547 2666 in
2583 2631 2662 2668 om
2702 2617 2748 2668 C

1581 2817 2011 2882 περισκεψάμενος,
2071 2819 2265 2882 ἀπορῶν
2320 2819 2562 2868 διετέλοω
2616 2818 2742 2869 τίνος

1582 2899 1741 2952 ἕνεκεν
1771 2901 1918 2953 οὕτως
1949 2901 2287 2964 μεγαληγορεῒ
2311 2902 2656 2952 Παῦλος...νῢν
2687 2902 2742 2952 δέ

1578 2999 1664 3042 μοι
1686 2983 1812 3032 δοκῶ
1833 2981 2081 3044 εὑρηκέναι
2101 2982 2169 3043 τῇ
2186 2983 2274 3030 τοῦ
2295 2983 2406 3032 θεοῦ
2426 2979 2742 3045 χάριτι...τὴν

1580 3065 1788 3124 ἀθυμίαν
1810 3064 2252 3127 παραμυθήσασθαι
2273 3065 2504 3128 βούλει-αι
2529 3067 2616 3113 τοῦ
2646 3081 2738 3124 μα-

1581 3145 1746 3204 θητοῦ.
1813 3145 1925 3194 The
1957 3144 2154 3194 remark
2188 3144 2248 3194 of
2277 3144 2506 3210 Pelagius
2537 3144 2582 3193 is
2613 3145 2738 3196 both

1578 3226 1946 3277 characteristic
1979 3226 2080 3275 and
2113 3225 2366 3290 weightyz
2401 3231 2433 3256 “
2449 3227 2604 3276 modo
2636 3226 2740 3277 iam

1579 3306 1889 3358 confidenter
1932 3307 2030 3357 hoc
2073 3305 2198 3356 dicit
2239 3308 2293 3356 in
2337 3313 2562 3357 extremo
2604 3307 2740 3357 uitae

1578 3387 1742 3438 limite
1783 3384 2132 3438 constitutus-’⁹
2215 3386 2458 3438 Plaudere
2496 3403 2547 3437 se
2570 3407 2616 3431 =
2641 3388 2736 3438 sibi

1578 3484 1740 3520 seems
1763 3477 1817 3519 to
1847 3469 1914 3520 be
1945 3468 2160 3519 without
2193 3469 2456 3534 examplez
2489 3469 2577 3519 the
2609 3469 2738 3520 form

1567 3551 1784 3616 pludms
1827 3549 1925 3616 (vv.
1939 3549 2018 3615 11.)
2064 3551 2259 3601 follows
2301 3551 2390 3602 the
2431 3551 2648 3616 analogy
2685 3553 2745 3602 of

1576 3631 2074 3683 cludere=claudere
2093 3629 2333 3696 (Riinsch,
2353 3633 2504 3692 Itala,
2524 3648 2574 3697 p.
2599 3630 2734 3697 465).

1649 3728 1725 3763 ια.
1783 3712 1844 3762 de
1870 3711 2293 3774 ceter01=lot56v0
2361 3713 2433 3764 So
2466 3712 2552 3762 the
2586 3713 2651 3763 Ο.
2670 3714 2728 3764 L.

1575 3793 1866 3859 genera1153
1900 3795 2101 3852 Ambr.‚
2126 3794 2397 3856 Ambrstr.,
2439 3795 2626 3860 “quod
2659 3811 2734 3846 re-

1576 3876 1770 3942 liquum
1792 3883 1866 3926 est
1889 3873 1946 3936 ;”
1980 3874 2154 3940 Vulg„
2188 3875 2292 3924 “in
2313 3875 2520 3941 reliquo,
2530 3873 2560 3897 ”

1647 3973 1724 4020 14.
1767 3957 2168 4021 contemplatione
2189 3956 2436 4019 laborum]
2481 3956 2734 4021 Similarly

1576 4039 1784 4104 Chrys.=
1819 4035 2124 4098 δικαιοσύνην
2156 4039 2368 4088 ἐνταῦθα
2398 4041 2490 4101 τὴν
2521 4040 2734 4090 καθόλου

1575 4123 1727 4183 φησὶν
1746 4118 1938 4184 ἀρετήν.
1983 4121 2142 4171 Thdt.
2165 4121 2336 4171 would
2356 4121 2588 4172 combine
2609 4123 2731 4174 with

1574 4205 1676 4256 this
1724 4203 2048 4269 explanation
2099 4205 2326 4266 another,
2381 4207 2418 4233 ‘⁶
2433 4205 2520 4256 the
2561 4221 2731 4257 crown

1575 4283 1742 4332 which
1771 4283 1962 4347 Justice
1993 4284 2188 4334 awards
2201 4298 2216 4332 z
2230 4280 2260 4305 ”
2292 4285 2378 4334 τὸν
2409 4286 2508 4336 τοῖς
2537 4287 2734 4337 δικαίας

1572 4363 1951 4428 ηὐτρεπισμένον
2006 4367 2159 4428 λέγει,
2219 4364 2305 4416 τὸν
2357 4367 2518 4432 δικαίᾳ
2581 4370 2732 4433 ψήφῳ

1573 4445 1880 4510 δωρούμενον.

2481 4561 2547 4626 15
