3250 5025
298 372 384 437 V.
422 389 524 447 22,
557 371 686 454 23]
890 384 974 433 IN
1024 384 1128 435 ΕΡ.
1175 383 1278 434 AD
1324 382 2073 435 THESSALONICENSES
2119 385 2165 435 1.
2640 384 2721 448 39

300 564 317 593 ‘
340 559 694 642 reprobare
737 557 1100 641 prophetas
1124 558 1139 583 '
1171 566 1242 623 et
1282 557 1396 621 illa
1435 556 1613 621 nolle
1658 556 1993 640 suscipere
2036 574 2208 639 quae
2245 553 2331 618 ab
2376 552 2507 616 illis
2544 550 2722 617 dice-

297 661 559 739 bantur,
580 660 706 725 hoc
736 660 900 725 dicit
931 681 1241 743 spernere
1273 658 1559 742 Spiritus
1589 659 2135 741 inoperationem.
2183 662 2199 692 ‘
2220 658 2339 723 sed
2363 656 2417 719 si
2451 655 2719 739 (inquit)

298 763 683 826 seductores
723 763 990 838 timetiS,
1023 762 1302 844 accipite
1339 762 1452 825 illa
1487 782 1659 845 quae
1705 762 2031 837 dicuntur,
2078 759 2439 843 probantes
2486 757 2619 835 illa,
2652 766 2722 820 et

298 861 354 925 si
408 864 682 928 inuenta
726 863 968 927 suerint
1009 864 1232 947 aliqua
1276 864 1519 929 diuinis
1564 863 1823 947 legibus
1869 863 2198 929 contraria
2242 863 2328 925 de
2373 860 2501 925 illis
2547 879 2721 944 quae

297 964 623 1043 dicuntur,
657 964 770 1029 illa
799 966 944 1029 sola
973 965 1214 1040 reicite,
1247 974 1472 1030 tenete
1504 986 1664 1031 uero
1698 966 2011 1033 meliora.’
2100 966 2344 1031 deinde
2374 963 2580 1028 adicit
2610 986 2624 1027 :
2772 962 2827 1037 ’5

429 1125 515 1190 ab
542 1126 724 1189 omni
748 1125 942 1209 specie
970 1124 1150 1191 mala
1177 1126 1503 1191 abstinete.

432 1256 622 1338 quasi
653 1255 767 1338 qui
799 1264 867 1319 et
896 1253 1025 1319 hoc
1056 1255 1276 1339 ipsum
1309 1264 1574 1320 uersute
1606 1254 1917 1332 facerent,
1951 1256 2215 1321 dicens:

433 1414 564 1497 epse
605 1424 826 1478 autem
868 1413 1052 1478 Deus
1099 1396 1291 1497 pacis
1349 1412 1703 1498 sanctzficet
1751 1436 1866 1479 uos
1917 1414 2233 1498 perfectos
2251 1436 2284 1491 ,·
2350 1424 2413 1477 et
2474 1412 2724 1495 integer

303 1526 512 1580 uester
564 1515 842 1598 spiritus
896 1526 960 1581 et
1036 1518 1265 1580 anima
1322 1527 1385 1581 et
1439 1528 1665 1599 corpus
1733 1518 1875 1583 sine
1928 1517 2180 1601 querela
2238 1516 2309 1581 in
2364 1515 2719 1580 aduentum

303 1620 557 1686 domini
584 1621 795 1685 nostri
820 1621 968 1684 Iesu
1004 1619 1257 1686 Christi
1282 1630 1592 1685 seruetur.
2755 1636 2835 1683 10

433 1736 582 1812 orat
640 1768 761 1830 pro
813 1747 942 1811 illis
992 1748 1087 1812 ita
1138 1757 1212 1811 ut
1265 1748 1479 1811 sancti
1529 1768 1648 1830 per
1690 1749 1917 1812 omnia
1962 1748 2422 1813 custodiantur
2464 1756 2533 1812 et
2578 1748 2720 1811 sine

304 1848 574 1931 querela
603 1848 827 1913 animo
860 1870 1126 1933 quoque
1173 1849 1308 1912 sint
1353 1859 1422 1913 et
1467 1869 1760 1933 corpore,
1794 1852 1890 1915 ita
1936 1860 2008 1915 ut
2041 1861 2110 1915 et
2153 1850 2401 1915 tributa
2435 1850 2720 1934 Spiritus

405 2042 433 2076 2
467 2026 669 2091 spiritns
690 2042 854 2091 spern.
883 2042 916 2075 r

303 2109 410 2157 add
431 2109 474 2158 C
494 2106 640 2173 (corr)

1097 2047 1128 2090 4
1162 2027 1203 2077 si
1226 2026 1328 2077 inu.
1355 2026 1481 2077 ahs.
1505 2027 1759 2078 diuinibus
1782 2028 1892 2090 [sic]
1914 2028 2011 2093 leg.
2034 2030 2104 2078 H

841 2122 868 2171 7
902 2108 1025 2158 dicit
1051 2108 1094 2159 C
1115 2110 1263 2170 (corr)

2260 2027 2293 2078 6
2326 2044 2417 2079 uos
2440 2026 2549 2094 (besl
2570 2027 2722 2093 abst.)

373 2275 422 2326 6.
455 2276 705 2339 abstinete]
729 2278 794 2329 O.
809 2279 868 2328 L.
882 2279 1141 2345 anqulg.
1155 2280 1258 2329 add
1281 2277 1466 2330 “uos.”

306 2358 546 2423 perfectos
570 2358 870 2424 (ὁλοτελεῖς),
896 2360 1128 2423 Iren.¹¹¹‘·;
1146 2362 1317 2427 Vulg.,
1335 2365 1468 2427 “per

309 2441 538 2492 ornnia.'’

380 2540 455 2575 11.
525 2525 1120 2586 orat....minorattbmm]
1201 2525 1351 2576 Cited
1401 2524 1470 2590 by

311 2605 576 2656 Lanfranc.

383 2703 458 2737 12.
498 2688 572 2737 ita
594 2695 654 2736 ut
672 2693 719 2736 et
737 2689 854 2737 trib.
871 2687 956 2753 Sp.
975 2689 1164 2753 gratia,
1193 2686 1309 2748 &c.]
1369 2687 1469 2736 Th.

310 2770 512 2834 regards
534 2768 666 2828 ὑμῶν
700 2771 757 2818 τὸ
788 2773 974 2828 πνεῦμα
1010 2786 1065 2820 as
1100 2769 1383 2835 equivalent
1417 2775 1472 2818 to

311 2851 346 2912 ἠ
362 2853 786 2916 ἐπιχορτγουμένη
810 2853 916 2911 ὑμῖν
929 2854 1068 2915 χάρις
1083 2853 1174 2902 τοῦ
1184 2855 1468 2912 πνεύματος.

313 2937 386 2986 So
409 2935 608 2999 Chrys.=
643 2937 701 2984 τὸ
732 2935 959 2994 πνεῦμα,
988 2936 1036 2983 τί
1059 2937 1209 2996 φησὶν
1233 2935 1467 2995 ἐνταῦθας

311 3021 368 3067 τὸ
406 3015 662 3082 χάρισμα),
700 3018 799 3066 and
857 3018 1034 3077 Thdt„
1097 3025 1151 3067 to
1206 3017 1292 3068 the
1333 3033 1471 3067 same

309 3099 470 3148 effect.
543 3098 629 3149 On
667 3097 754 3147 the
783 3097 927 3147 other
960 3098 1096 3146 hand
1126 3097 1212 3146 the
1252 3097 1472 3146 Alexan—

312 3180 482 3230 drians
498 3195 634 3230 seem
652 3186 706 3228 to
720 3178 848 3228 have
871 3178 1211 3242 traditionally
1229 3179 1472 3242 regarded

312 3261 414 3311 this
437 3275 577 3308 verse
607 3273 662 3308 as
684 3274 716 3307 a
736 3258 938 3308 witness
966 3264 1019 3307 to
1054 3258 1139 3308 the
1174 3257 1474 3322 trichotomy

313 3340 374 3392 of
399 3341 590 3391 human
616 3346 792 3390 nature
807 3359 822 3401 3
858 3341 973 3390 thus
1007 3340 1257 3404 Didymus
1289 3339 1351 3389 cle
1383 3341 1469 3403 Sp.

314 3425 369 3474 S.
395 3438 455 3488 55
481 3422 694 3488 (Migne‚
726 3423 790 3472 P.
813 3422 877 3471 L.
911 3435 990 3484 23,
1025 3423 1235 3486 148—9)
1266 3435 1474 3485 argues:

317 3504 659 3556 “incredibile
683 3511 758 3554 est
787 3511 939 3568 atque
963 3502 1312 3567 blasphemum
1335 3517 1476 3550 orare

315 3589 600 3653 apostolum
623 3595 678 3637 ut
702 3587 918 3652 Spiritus
942 3602 982 3636 s·
1011 3587 1205 3651 integer
1235 3593 1470 3647 seruetur,

313 3671 400 3737 qui
417 3687 511 3721 nec
533 3669 934 3720 imminutionem
952 3675 1116 3733 potest
1143 3667 1362 3733 recipere
1383 3683 1478 3717 nec

316 3752 624 3819 prosectum;
668 3752 732 3801 de
755 3751 976 3800 humano
999 3765 1135 3813 erg0‚
1159 3756 1215 3798 ut
1238 3749 1470 3808 diximuS,

315 3835 493 3900 spiritu
536 3833 590 3884 in
645 3834 743 3883 hoc
798 3832 1014 3897 apostoli
1057 3847 1222 3881 sermo
1271 3837 1476 3881 testatus

315 3913 441 3966 est.”
500 3914 612 3963 The
635 3912 923 3978 opposition
944 3911 1003 3962 of
1027 3912 1112 3961 the
1133 3911 1478 3962 Antiochenes

319 4007 374 4046 to
417 3996 518 4046 this
563 3995 690 4044 view
742 4009 846 4044 was
901 3993 1162 4044 enhanced
1219 3993 1288 4057 by
1343 3992 1477 4042 their

316 4081 498 4132 dislike
543 4079 602 4129 of
648 4076 1114 4142 Apollinarianism‚
1165 4075 1334 4125 which
1377 4091 1478 4125 was

317 4161 472 4212 based
495 4176 562 4210 on
584 4159 670 4210 the
693 4159 919 4209 doctrine
951 4159 1060 4209 that
1092 4158 1280 4208 human
1303 4165 1478 4208 nature

316 4243 372 4292 in
411 4243 476 4292 its
513 4240 728 4305 entirety
760 4239 971 4290 consists
1003 4239 1060 4288 ἐκ
1097 4241 1366 4298 πνεύματος
1399 4239 1479 4288 καὶ

321 4327 484 4387 ψυχῆς
525 4325 608 4374 καὶ
649 4324 873 4384 σώματος
929 4320 1104 4386 (Greg.
1155 4321 1308 4384 Nyss.
1353 4321 1476 4370 adu.

316 4406 540 4471 Apollin·
591 4417 672 4470 35,
717 4403 910 4467 Migue,
960 4404 1024 4454 P.
1060 4403 1117 4454 G.
1169 4416 1253 4467 45,
1313 4401 1478 4468 1200).

322 4487 404 4538 Cf.
428 4487 524 4552 Bp.
553 4485 780 4546 Enicott,
808 4483 1024 4544 Destiny
1045 4483 1198 4549 oftlte
1223 4484 1477 4541 Gnatum,

1465 2124 1521 2159 12
1557 2110 1718 2159 sancti
1741 2110 1840 2175 (ast
1860 2111 1957 2175 sp.)
1979 2110 2086 2159 add
2100 2126 2132 2159 r

1569 2280 1731 2331 Serm-
1764 2294 1853 2343 v.;
1888 2281 2162 2339 Delitzsch,
2188 2281 2407 2331 Biblical
2430 2282 2725 2347 Psychology

1569 2362 1653 2427 (E.
1676 2370 1757 2423 tr.‚
1786 2364 1866 2413 ed.
1892 2364 2088 2427 Clark),
2119 2380 2171 2429 p.
2206 2361 2299 2413 106
2309 2379 2322 2421 ς
2356 2364 2456 2413 and
2491 2379 2724 2429 compare

1568 2446 1655 2495 the
1702 2446 1875 2510 Syriae
1918 2446 2165 2512 fragment
2197 2445 2256 2496 os
2288 2446 2385 2496 Th.
2424 2446 2483 2495 de
2513 2448 2722 2496 Incarn.

1565 2527 1765 2592 printed
1820 2527 1889 2592 by
1945 2528 2159 2588 Sachau,
2218 2543 2305 2592 pp.
2364 2541 2442 2590 37,
2498 2529 2715 2587 ἐφ’

1573 2615 2135 2723 amm-su
2206 2611 2721 2702 &aua-„m

1575 3133 1877 3219 &0³03
1912 3159 2023 3220 (viz.
2048 3161 2131 3209 the
2154 3164 2353 3226 present
2375 3158 2549 3219 verse).

1638 3258 1751 3308 The
1806 3259 2149 3311 Antiochcnes
2197 3266 2301 3311 met
2354 3261 2439 3311 the
2494 3260 2629 3310 force
2678 3257 2738 3308 of

1573 3341 1864 3406 Didymus’s
1893 3343 2159 3407 objection‚
2188 3345 2227 3394 it
2253 3344 2357 3394 will
2378 3345 2443 3394 be
2464 3342 2725 3401 observed,

1572 3425 1641 3488 by
1675 3424 1964 3490 explaining
1994 3427 2051 3475 τὸ
2088 3423 2273 3486 πνεῦμα
2316 3427 2387 3475 ad
2425 3425 2473 3474 h.
2492 3427 2525 3475 l.
2566 3425 2619 3474 in
2657 3440 2731 3474 re·

1575 3507 1770 3558 serence
1804 3515 1858 3557 to
1887 3509 1972 3558 the
2000 3524 2147 3573 grace
2177 3509 2236 3558 of
2262 3509 2347 3558 the
2379 3507 2533 3573 Spirit
2566 3507 2733 3556 rather

1575 3590 1700 3639 than
1745 3596 1801 3639 to
1848 3590 1947 3640 His
2001 3591 2204 3640 Person.
2284 3590 2371 3640 An
2422 3603 2733 3654 anonymous

1576 3670 1743 3721 writer
1764 3670 1816 3720 in
1842 3671 2089 3722 Cramer's
2115 3679 2293 3722 eatena
2316 3670 2383 3736 (p.
2414 3669 2527 3734 374)
2553 3670 2731 3719 endea-

1574 3767 1725 3802 vours
1770 3758 1825 3801 to
1869 3751 2013 3802 effect
2056 3768 2087 3800 a
2130 3751 2463 3816 compromise
2506 3750 2733 3799 between

1577 3833 1663 3884 the
1696 3833 1926 3898 opposite
1960 3833 2113 3882 views
2144 3833 2215 3896 by
2245 3831 2499 3896 confining
2530 3832 2617 3882 the
2650 3832 2733 3882 tri-

1575 3913 1816 3980 chotomy
1846 3921 1899 3965 to
1930 3914 2223 3970 Christians,
2254 3912 2307 3963 in
2340 3913 2509 3963 whom
2545 3914 2629 3964 the
2660 3915 2735 3962 in·

1577 3997 1819 4061 dwelling
1851 3997 2007 4062 Spirit
2038 3998 2191 4048 forms
2223 4013 2256 4046 a
2289 4013 2403 4047 new
2434 3997 2652 4047 clement
2685 3997 2744 4047 of

1577 4077 1809 4144 spiritual
1850 4077 1971 4128 lise:
2020 4077 2248 4129 οὔδει-ὅτε
2291 4080 2374 4128 ἐπὶ
2416 4075 2627 4128 ἀπίστου
2670 4077 2737 4128 τὰ

1577 4159 1690 4222 τρία,
1732 4159 1962 4220 τέθεικεν,
1999 4157 2203 4221 πνεῦμα,
2247 4159 2421 4224 ψυχήν,
2458 4163 2537 4210 καὶ
2576 4163 2735 4221 σῶμα,

1576 4237 1689 4289 ἀλλ’
1710 4241 1796 4290 ἐπὶ
1814 4241 1969 4300 μόνων
1999 4244 2095 4292 τῶν
2123 4242 2466 4292 πιστευόντων·
2503 4240 2568 4292 ὧν
2600 4245 2739 4307 ψυχὴ

1576 4323 1667 4382 μὲν
1701 4325 1783 4372 καὶ
1816 4321 1956 4384 σῶμα
1992 4323 2078 4385 τῆς
2121 4325 2325 4386 φύσεως,
2360 4326 2418 4374 τὸ
2462 4325 2515 4374 δὲ
2553 4325 2739 4384 πνεῦμα

1577 4405 1665 4464 τῆς
1694 4407 1984 4469 εὐεργεσίας,
2012 4407 2283 4466 τουτέστιν,
2306 4407 2364 4456 τὸ
2393 4404 2609 4470 χάρισμα
2639 4409 2737 4456 τῶν

1578 4484 1923 4534 πιστεύσω-ων.
