3250 5025
526 357 647 444 178
2614 361 2762 450 [VI.
2800 377 2854 446 5,
2914 363 2959 428 6

1189 371 1648 426 THEODORUS
1710 371 2301 428 MOPSUESTENUS

649 541 897 610 dis-cede
923 542 1010 614 ab
1035 543 1371 611 eiusmodi.

655 705 1016 781 postquam
1058 708 1285 764 autem
1323 699 1621 766 ostendit
1658 699 2063 786 prauitatem
2112 697 2463 766 hominum
2502 710 2571 767 et
2612 700 2731 766 illa
2778 721 2965 786 quae·

523 798 876 865 inhonesta
934 801 1024 866 ab
1084 802 1214 867 illis
1273 802 1662 882 efficiuntur,
1712 804 2080 869 sufficiebat
2133 813 2210 868 ut
2268 813 2537 869 tantum
2598 806 2949 869 consillum

523 908 718 972 daret
745 927 1051 990 separare
1079 905 1169 969 ab
1199 906 1317 971 eis..
1405 905 1650 972 deinde
1678 907 2060 991 relinquens
2091 917 2313 971 cetera
2345 908 2434 972 ad
2466 907 2653 972 illam
2685 917 2948 990 partem

465 1011 714 1088 Sredit,
745 1021 948 1094 atque
999 1011 1246 1075 insistit
1291 1031 1427 1094 qua
1473 1012 1790 1095 pecunias
1836 1011 2147 1094 colligere
2186 1013 2701 1091 adcelerabant;
2750 1013 2951 1095 inque

526 1115 653 1180 hac
683 1124 872 1199 parte
903 1114 1010 1180 uel
1040 1117 1339 1180 maxime
1368 1137 1562 1181 suum
1592 1136 1972 1180 sermonem
2003 1116 2201 1180 latius
2234 1124 2617 1200 exaggerat,
2652 1136 2734 1180 eo
2764 1115 2948 1198 quod

529 1239 652 1283 nec
712 1217 904 1282 facile
964 1238 1164 1301 posse
1215 1217 1655 1284 existimabat
1702 1239 1821 1284 eos
1878 1219 2222 1303 despicere
2283 1223 2619 1304 pecunias,
2732 1223 2948 1300 sciens

529 1341 690 1385 uero
739 1330 810 1385 et
852 1319 1016 1385 illud
1054 1321 1214 1404 quia
1261 1322 1592 1403 cupiditas
1643 1321 2027 1403 pecuniaria
2070 1321 2233 1386 nihil
2280 1343 2370 1387 ex
2417 1323 2546 1388 illis
2591 1345 2764 1408 quae
2810 1325 2950 1389 fieri

528 1425 936 1490 conueniunt
973 1425 1190 1489 facere
1224 1425 1570 1509 permittit,
1603 1425 1962 1508 despectus
1998 1427 2249 1491 etenim
2290 1429 2709 1511 pecuniarius
2757 1427 2951 1493 facile

425 1537 507 1589 10
531 1529 646 1594 illa
675 1529 997 1614 expedire
1027 1529 1190 1594 facit
1218 1549 1392 1614 quae
1423 1529 1701 1595 meliora
1729 1537 1911 1610 sunt,
1942 1530 2081 1596 ait:

659 1717 757 1772 est
781 1716 996 1772 autem
1029 1706 1296 1794 (inquit)
1327 1718 1631 1792 quaestus
1659 1729 1941 1794 magnus
1946 1708 2166 1796 pietas
2190 1730 2338 1775 cum
2368 1707 2765 1795 sufficientia.

663 1862 682 1896 ⁸
702 1878 1024 1943 magnum
1103 1858 1380 1938 lucrum,
1451 1879 1741 1944 magnae
1814 1859 2107 1938 diuitiae,
2183 1861 2509 1927 lucratiua
2582 1862 2951 1946 negotiatio

483 1953 490 1958 ’
531 1963 750 2048 pietas
809 1973 929 2042 est,
989 1971 1064 2028 ut
1116 1983 1277 2047 erga
1329 1984 1479 2029 eam
1540 1965 1811 2031 solliciti
1862 1966 2092 2062 simuS,
2144 1968 2651 2033 necessitatibus
2712 1967 2953 2031 nostris

432 2109 440 2126 .
531 2065 966 2132 sufficientes!
1056 2067 1230 2132 bene
1277 2088 1442 2132 uero
1497 2068 1787 2134 adiecit:
1828 2070 2046 2153 pietas
2090 2090 2236 2135 cum
2284 2070 2683 2154 sufficzknticn
2729 2072 2827 2137 ita
2879 2082 2955 2137 ut

429 2185 504 2256 15
535 2172 1000 2236 necessitatem
1062 2191 1198 2237 non
1265 2171 1602 2238 uideretur
1663 2173 2070 2259 intercipere,
2124 2184 2194 2239 et
2254 2177 2615 2243 nimietatis
2655 2178 2953 2242 studium

535 2276 948 2358 excluderet,
1002 2285 1072 2342 et
1123 2277 1308 2342 omni
1352 2298 1443 2342 ex
1501 2287 1697 2364 parte
1740 2279 2261 2344 sollicitudinem
2318 2282 2752 2367 pecuniarum
2813 2281 2957 2345 adi-

535 2388 771 2448 meret.

639 2601 658 2637 1
697 2585 983 2640 huiusmodi
1016 2588 1088 2639 H
1316 2604 1346 2655 3
1380 2588 1660 2642 efficiantur
1702 2592 1779 2642 C*
1817 2592 1889 2643 H
1936 2592 2217 2645 officiuntur
2254 2594 2301 2645 C
2336 2595 2513 2656 (emh
2546 2600 2628 2645 txt
2659 2610 2693 2645 r
2928 2605 2957 2657 5

537 2685 666 2735 quae
685 2670 754 2719 H
767 2686 800 2719 r
1073 2672 1105 2721 8
1139 2671 1379 2736 pecuniae
1404 2673 1521 2737 (sor
1549 2674 1855 2738 pecuniaria)
1877 2675 1948 2724 H
2205 2690 2237 2741 9
2270 2677 2550 2740 despectos,
2582 2675 2897 2741 pecuniarios
2930 2691 2964 2724 r

539 2750 564 2799 ‘x
579 2765 597 2800 1
635 2758 898 2815 quaestum
923 2750 1039 2815 (sor
1056 2759 1130 2802 est
1154 2752 1342 2817 autem)
1373 2756 1417 2805 C
1435 2754 1504 2804 H
1558 2763 1794 2820 quaestus
1816 2764 1891 2805 est
1913 2771 2125 2820 magnus
2149 2756 2265 2819 (for
2284 2759 2654 2820 est...magnus)
2679 2772 2713 2805 r
2898 2770 2959 2819 13

537 2848 602 2885 en.
619 2834 713 2883 Ην
907 2847 967 2895 14
999 2832 1155 2882 adicit
1181 2834 1228 2883 C
1244 2850 1280 2883 r
1493 2834 1554 2885 16
1587 2835 1853 2885 excludere
1875 2843 1926 2885 et
1947 2844 2002 2885 ut
2024 2837 2094 2885 H
2111 2834 2120 2901 Ι
2149 2836 2371 2887 adimere
2393 2852 2427 2885 r

537 3026 666 3079 with
709 3027 889 3093 Chrys.
933 3025 1037 3076 and
1074 3025 1248 3088 Thdt.,
1291 3026 1392 3076 Th.
1431 3027 1550 3077 read
1588 3025 1705 3088 ἀφε-

541 3126 698 3159 στασο
743 3106 842 3157 ἀπὸ
884 3109 984 3156 τῶν
1021 3104 1246 3156 τοιούτων
1277 3106 1404 3158 aster
1439 3106 1703 3171 εὐσέβειαν.

539 3190 654 3240 The
685 3189 852 3239 words
879 3204 964 3239 are
987 3189 1209 3253 wanting
1229 3190 1282 3239 in
1302 3190 1392 3241 the
1413 3190 1586 3255 vulg„
1612 3192 1703 3241 but

541 3271 693 3338 given
725 3272 794 3337 by
831 3288 971 3321 some
1006 3272 1065 3321 of
1095 3271 1182 3321 the
1219 3273 1284 3322 Ο.
1305 3273 1364 3322 L.
1409 3273 1703 3323 authorities

547 3356 744 3419 (Cypr.,
793 3355 1060 3414 Ambrstr.,
1115 3354 1152 3380 “
1166 3354 1368 3405 discede
1415 3356 1482 3406 ab
1533 3355 1702 3406 huius-

545 3437 685 3486 modi
701 3434 755 3495 ;”
777 3452 860 3487 see
881 3452 962 3485 vv.
983 3436 1078 3497 11.).

617 3534 695 3569 11.
749 3521 821 3567 est
849 3516 1036 3578 autem]
1105 3516 1203 3567 See
1240 3531 1318 3565 W.
1344 3515 1398 3566 11.
1482 3516 1584 3565 For
1620 3516 1706 3568 the

546 3598 834 3665 impossible
875 3605 1130 3663 quaestum
1176 3600 1202 3649 1
1238 3601 1366 3651 have
1405 3603 1706 3653 substituted

549 3681 637 3731 the
659 3679 925 3744 rendering
936 3680 995 3730 of
1011 3681 1096 3731 the
1113 3682 1266 3732 Latin
1281 3686 1520 3743 versinus,
1541 3685 1709 3735 which

547 3762 734 3827 closely
759 3760 955 3812 follows
988 3764 1075 3814 the
1108 3762 1208 3815 Gk.
1281 3763 1393 3813 The
1425 3780 1561 3814 error
1591 3780 1709 3829 may

549 3843 780 3893 however
817 3842 945 3893 have
987 3842 1150 3894 arisen
1195 3844 1324 3893 from
1367 3860 1398 3893 a
1441 3846 1710 3912 rendering

550 3927 834 3988 “quaestus
871 3928 947 3973 est
989 3932 1158 3973 autem
1197 3920 1449 3988 magnus’'
1487 3924 1590 3989 (see
1621 3925 1709 3976 the

549 4008 758 4071 reading
800 4005 860 4057 of
897 4007 1049 4069 Rab.)
1093 4007 1174 4068 [or
1217 4022 1343 4057 even
1397 4008 1707 4071 “quaestum

551 4095 628 4138 est
682 4104 729 4137 a.
783 4086 1086 4153 magnum;”
1144 4088 1210 4139 cs.
1268 4088 1493 4146 Ronsch,
1547 4090 1703 4150 Itala,

553 4186 606 4235 p.
649 4168 743 4235 269
781 4170 884 4235 sq.]
921 4186 980 4221 or
1013 4170 1142 4221 from
1187 4171 1350 4237 “quia
1383 4179 1458 4221 est
1495 4170 1710 4234 [autem]

554 4262 641 4312 qu.
664 4246 768 4297 m.’‘

626 4343 712 4395 13.
751 4342 850 4378 nec.
873 4328 1053 4378 nostris
1073 4328 1215 4393 suff]
1270 4328 1504 4395 ‘Having
1525 4346 1557 4379 a
1572 4346 1708 4380 com·

553 4416 766 4475 petency
809 4409 1052 4461 sufficient
1092 4419 1146 4460 to
1183 4410 1364 4475 supply
1403 4427 1495 4461 our
1532 4421 1710 4471 wantS,

1802 3028 1903 3078 and
1926 3034 2003 3079 set
2033 3043 2093 3079 us
2126 3026 2229 3080 free
2262 3027 2339 3079 for
2368 3028 2534 3079 works
2564 3028 2626 3079 of
2650 3024 2819 3095 piety.’
2888 3028 2961 3079 So

1806 3108 2003 3173 Pelag.:
2055 3110 2211 3158 “cum
2243 3109 2550 3173 sufficientia,
2589 3126 2693 3160 non
2735 3110 2962 3161 luxuriae

1802 3192 1889 3241 sed
1910 3189 2157 3253 ‚naturae'f
2170 3208 2187 3252 ς
2222 3192 2455 3242 Sedulius
2478 3192 2619 3250 adds,
2644 3196 2677 3221 “
2693 3192 2813 3256 quia
2833 3209 2965 3259 quae

1801 3280 1997 3322 tantum
2030 3278 2235 3322 naturae
2270 3272 2518 3323 sufficiunt
2550 3273 2711 3338 pietas
2744 3274 2899 3338 exigit
2914 3273 2963 3323 '’-

1804 3354 1883 3405 Cf.
1926 3370 1951 3403 α
1990 3354 2109 3403 Cor.
2145 3354 2215 3403 ix.
2251 3357 2299 3404 8.
2376 3354 2533 3405 Thdt.
2567 3355 2875 3406 endeavours
2907 3363 2965 3405 to

1803 3432 2037 3483 combine
2071 3433 2156 3483 the
2191 3433 2329 3484 ideas
2357 3434 2417 3484 of
2454 3432 2825 3500 ‘competency’
2860 3436 2964 3485 and

1811 3512 2213 3573 ‘contentment,’
2237 3516 2314 3565 for
2345 3516 2411 3565 he
2444 3516 2693 3566 remarks:
2730 3519 2965 3579 προσήκει

1807 3592 1912 3653 τὴν
1968 3591 2322 3657 αὖτάρκειαν
2376 3598 2669 3660 στέργειν.
2769 3597 2963 3661 Thpht.

1805 3680 2016 3731 inclines
2058 3687 2113 3730 to
2156 3680 2243 3731 the
2286 3680 2461 3729 latter:
2510 3676 2770 3742 αὐτάρκεια
2811 3680 2965 3740 μέγας

1808 3760 2015 3810 πλοῦτος
2084 3763 2166 3811 καὶ
2228 3758 2439 3822 μόνιμος.
2534 3762 2604 3811 So
2670 3762 2920 3811 Ambrstr.
2952 3780 2965 3811 ε

1810 3846 2061 3907 “magnas
2118 3841 2320 3893 diuitias
2376 3848 2426 3893 et
2481 3840 2861 3906 acquisitionem
2912 3842 2967 3892 in

1808 3939 1871 3974 eo
1912 3924 2051 3985 dicit,
2102 3924 2144 3974 si
2193 3924 2307 3990 quis
2352 3922 2515 3973 fidelis
2564 3940 2655 3973 suo
2704 3931 2968 3975 contentus

1808 4004 1926 4055 sit-’⁹
1992 4006 2129 4069 Aug.
2181 4020 2250 4055 on
2292 4004 2383 4055 the
2424 4004 2569 4053 other
2610 4004 2747 4053 hand
2795 4020 2967 4068 agrees

1808 4084 1933 4135 with
1998 4085 2097 4135 Th.
2164 4083 2329 4149 (serm.
2390 4088 2488 4145 85:
2566 4086 2601 4110 ‘⁴
2620 4085 2967 4136 sufficientiam

1810 4168 2051 4231 quaerite,
2112 4168 2249 4232 quod
2294 4167 2477 4217 sufficit
2531 4169 2792 4233 quaerite3
2856 4170 2969 4234 plus

1814 4248 1972 4299 nolite
1988 4250 2060 4312 ”.)

1883 4346 1959 4395 15.
2020 4331 2311 4395 nimietatis]
2376 4331 2601 4391 Ronsch,
2626 4332 2779 4394 Itala,
2808 4348 2861 4399 p.
2882 4346 2964 4397 52.

1812 4414 1955 4465 Μαι.
1982 4414 2206 4465 studium
2219 4418 2363 4476 ετὴν
2384 4416 2685 4475 πλεονεξίαν.
