3250 5025
307 418 361 482 I.
399 434 456 499 3,
485 417 572 502 4]
1021 429 1106 480 m
1153 430 1256 479 ΕΡ.
1303 427 1406 478 AD
1451 422 1921 477 ’rmo‘rHEUM
1967 424 2015 474 1.
2639 404 2727 485 69

303 600 658 667 uidebatur
707 599 883 665 han‘c
935 601 1120 664 uocis
1174 599 1617 663 adiectionem
1668 595 1937 660 abusus.
2049 607 2527 657 consummans
2568 608 2729 651 uero

304 696 898 788 praescriptionem
929 704 998 767 in
1029 702 1134 766 his
1167 701 1402 784 incipit
1432 703 1567 765 sic:

432 838 600 903 sz‘cut
628 838 864 922 rogaui
893 847 952 901 te
979 845 1057 901 ut
1079 836 1427 900 sustineres
1459 833 1723 919 Ephesi,
1754 854 1900 898 cum
1943 833 2106 897 irem
2150 833 2221 897 in
2250 831 2729 909 Macedoniam,

305 950 384 1005 ut
408 942 822 1007 denuntiares
847 941 1234 1025 quibusdam
1265 962 1390 1004 non
1420 941 1621 1005 aliter
1645 939 1855 1004 docere
1884 960 2080 1022 neque
2111 938 2433 1003 intendere
2460 936 2727 1022 sabulis

303 1053 370 1107 et
404 1046 801 1128 genealogiis
848 1044 1144 1128 infinitis,
1199 1065 1362 1127 quae
1417 1044 1815 1127 quaestiones
1857 1052 2207 1127 praestant
2261 1043 2481 1127 magis
2529 1065 2729 1129 quam
2808 1058 2839 1127 5

307 1151 838 1233 dispensationem
869 1150 1014 1227 Dei,
1045 1170 1207 1232 quae
1233 1157 1330 1213 est
1358 1148 1426 1211 in
1439 1148 1598 1233 fide.

439 1284 596 1339 ante
648 1273 874 1338 omnia
920 1273 1100 1337 beati
1152 1272 1339 1336 Pauli
1389 1271 1733 1336 humilitas
1782 1271 1991 1354 digna
2039 1281 2144 1336 est
2191 1271 2731 1347 demirationem,

309 1380 628 1460 quoniam
661 1379 988 1462 discipulo
1030 1397 1153 1441 suo
1199 1378 1495 1441 scribens
1541 1398 1677 1441 non
1724 1377 1943 1440 dixit:
1987 1376 2195 1441 ‘sicut
2240 1375 2582 1459 praecepi,’
2615 1385 2733 1441 aut

312 1488 328 1517 ‘
355 1482 668 1567 probaui,’
702 1492 819 1547 aut
854 1483 1034 1546 ‘dixi
1061 1481 1104 1553 ς’
1143 1483 1261 1545 sed
1305 1480 1695 1564 simpliciter
1736 1478 1906 1543 sicut
1943 1478 2190 1561 rogaui,
2241 1478 2347 1543 uel
2391 1484 2406 1512 ‘
2428 1481 2733 1543 obsecra-

310 1598 419 1652 tus
468 1584 652 1651 sum.'
741 1576 842 1649 sic
872 1586 1120 1649 sanctis
1162 1584 1291 1647 illis
1345 1584 1642 1649 studium
1691 1591 1835 1646 erat
1881 1578 2226 1647 uniuersos
2271 1584 2731 1649 obsecratione
2767 1604 2846 1653 10

310 1694 396 1757 ad
445 1713 613 1775 opus
659 1692 926 1775 pietatis
974 1690 1271 1767 inuitare,
1303 1689 1396 1754 ita
1441 1700 1514 1754 ut
1546 1698 1614 1753 et
1646 1688 2059 1753 alacritatem
2090 1688 2351 1752 hisdem
2384 1708 2535 1752 cum
2568 1710 2734 1772 qua-

311 1796 470 1861 dam
502 1797 709 1860 animi
741 1796 1186 1860 oblectatione
1219 1796 1653 1878 inponerent;
1702 1815 1782 1857 eo
1818 1794 1998 1877 quod
2039 1794 2413 1857 obsecratio
2458 1791 2731 1877 quidem

311 1901 516 1964 etiam
560 1900 759 1964 ualde
811 1900 1180 1964 desidiosos
1234 1899 1360 1963 scit
1407 1900 1723 1974 animare,
1764 1898 2103 1981 praecepti
2147 1917 2304 1961 uero
2351 1897 2618 1981 pondus
2665 1906 2735 1961 et

313 2003 498 2067 illum
534 2003 646 2087 qui
679 2002 1020 2067 alacritate
1052 2012 1317 2067 tenetur
1346 2002 1609 2085 pigrum
1645 2020 1847 2083 saepe
1876 2000 2113 2064 fecisse
2144 2001 2427 2066 uidetur.
2518 1996 2733 2065 intent

313 2106 609 2172 dendum
641 2119 745 2172 est
775 2117 1000 2171 autem
1032 2117 1100 2173 et
1131 2104 1355 2171 sensui
1387 2107 1735 2171 dictorum.
1786 2126 1909 2169 nec
1946 2106 2123 2170 enim
2161 2104 2289 2170 hoc
2320 2107 2465 2171 uult
2497 2107 2729 2183 dicere,
2768 2124 2839 2193 15

313 2211 486 2276 sicut
544 2232 788 2287 sensus
833 2211 949 2294 qui
1009 2212 1075 2274 in
1130 2218 1447 2293 promptu
1501 2219 1604 2274 est
1651 2208 2023 2291 significare
2071 2209 2352 2287 uidetur,
2414 2210 2732 2293 quoniam

315 2316 578 2398 rogauit
607 2335 760 2380 eum
792 2326 867 2379 ut
907 2316 1265 2379 sustineret
1310 2312 1583 2397 Ephesi,
1629 2314 1722 2377 ita
1761 2323 1835 2378 ut
1876 2316 2290 2399 praeciperet
2329 2315 2732 2399 quibusdam

315 2427 390 2481 ut
423 2437 505 2481 ne
537 2418 729 2482 aliter
756 2419 1074 2482 docerent
1093 2441 1110 2497 ;
1131 2414 1203 2500 ,Ἰ-
1217 2437 1336 2480 nec
1379 2417 1556 2480 enim
1588 2438 1711 2499 pro
1748 2416 1877 2481 hoc
1917 2417 2062 2482 solo
2093 2418 2360 2502 reliquit
2392 2438 2547 2481 eum
2579 2416 2732 2495 illic,

443 2561 518 2628 οὐ
591 2561 700 2628 διὰ
772 2561 850 2628 τὸ
917 2561 1417 2650 παραγγέλλειν
1474 2559 1677 2646 μόνον
1741 2560 1924 2628 τισὶν
1978 2559 2071 2644 μὴ
2125 2559 2738 2649 ἑτεροδιδασκαλεῖν

420 2713 438 2748 ι
478 2698 609 2749 hanc
629 2716 679 2749 u.
703 2700 982 2750 adiectione
1003 2700 1152 2750 fuisse
1174 2701 1384 2751 abusum
1399 2717 1432 2748 r
1576 2715 1604 2764 3
1640 2701 1693 2749 in
1713 2715 1791 2749 om
1820 2700 1864 2750 C
1876 2698 1905 2725 ⁴*
2061 2712 2089 2763 7
2113 2700 2442 2751 demiratione
2470 2701 2515 2750 C
2532 2702 2683 2762 (corr)
2707 2717 2740 2750 r

315 2795 348 2848 9
370 2780 458 2830 sed
491 2781 618 2830 dixit
650 2781 814 2846 simpl.
843 2797 876 2829 r
1089 2797 1142 2832 11
1181 2783 1339 2832 isdem
1373 2783 1442 2831 H
1504 2781 1684 2832 iisdem
1718 2797 1751 2830 r
1960 2783 2021 2833 18
2054 2790 2108 2833 ut
2136 2799 2216 2833 om
2250 2799 2283 2831 r
2477 2799 2538 2852 19
2572 2783 2731 2837 Coisl.

318 2871 430 2927 204,
454 2861 490 2912 f.
519 2866 612 2913 188
633 2880 664 2913 a
687 2865 797 2927 [Cr.
818 2865 903 2915 vii.
933 2879 979 2929 5,
1009 2865 1095 2914 Fr.
1124 2865 1239 2934 149]
1271 2867 1518 2930 θεόδωρος.
1583 2867 1733 2916 ἄλλος
1754 2866 1809 2916 δέ
1832 2873 2000 2928 φησιν·
2036 2869 2091 2917 οὐ
2115 2868 2209 2927 διά,
2235 2869 2385 2918 κ.τ.λ.

249 3267 274 3277 α
320 3236 398 3287 Cf.
435 3237 609 3288 Sedul.
637 3236 812 3287 Scot.:
855 3237 870 3261 ‘

315 2993 565 3052 however,
597 3006 630 3040 a
652 2991 842 3041 further
863 3007 1072 3042 reason:
1108 2993 1190 3040 καὶ
1209 2992 1354 3041 τοῦτο
1378 2991 1476 3040 ἀπὸ

319 3073 506 3132 πολλῆς
545 3072 894 3135 φιλοστοργίας
985 3073 1208 3122 πλείονος
1253 3072 1355 3132 ’γὰρ
1387 3072 1477 3131 μά-

317 3157 467 3204 λιστα
512 3155 557 3203 οὶ
601 3155 886 3204 διδάσκαλοι
937 3155 1126 3203 δέονται
1178 3153 1266 3203 τοῦ
1319 3155 1477 3203 ἐλέου.

877 3238 892 3262 ‘
915 3237 930 3262 ‘
947 3235 1338 3286 misericordiam
1354 3233 1368 3256 ’
1391 3235 1476 3284 ad·

318 3319 394 3369 dit
415 3325 622 3383 propter
642 3318 748 3367 eius
767 3318 1012 3368 honorem
1036 3317 1344 3382 nimiamque
1367 3317 1475 3366 eius

319 3397 671 3458 dilectionem3
693 3404 780 3447 aut
803 3396 922 3462 quia
945 3399 1006 3448 T.
1035 3397 1280 3447 stomachi
1302 3397 1477 3446 dolore

321 3480 582 3531 laborabat
622 3480 686 3542 [c.
737 3495 785 3530 v.
831 3481 930 3544 23]‚
977 3480 1094 3529 ideo
1137 3480 1476 3530 misericordia

318 3558 652 3625 indiguerat.”
714 3561 884 3624 Atque
907 3561 1017 3610 mis.
1059 3561 1237 3622 (Rab.,
1276 3575 1360 3611 see
1389 3576 1473 3608 vv.

318 3640 399 3702 11.)
435 3641 476 3689 is
499 3656 564 3690 an
603 3639 922 3691 unfortunate
955 3649 1169 3705 attempt
1208 3646 1262 3690 to
1297 3655 1475 3705 escape

317 3721 447 3772 from
471 3722 556 3771 the
577 3721 939 3784 diffimxlties‘of
954 3739 985 3773 a
1007 3722 1164 3786 faulty
1187 3731 1306 3774 text.

371 3815 434 3868 ,3.
503 3803 788 3866 sustineres]
839 3802 920 3853 Cf.
963 3804 1184 3864 Ronsch,
1230 3803 1379 3863 Itala,
1419 3819 1469 3868 p.

321 3885 434 3948 381.
527 3883 597 3934 So
663 3883 774 3933 Hil.
834 3882 1232 3949 (“sustinere”)‚
1304 3887 1477 3949 Aug.;

319 3965 495 4030 Vulg„
544 3970 578 3994 ⁴⁴
596 3965 929 4018 remanere8.”
1016 3967 1102 4017 On
1154 3967 1477 4016 denuntiares

321 4047 696 4113 (παραγγείλῃς)
732 4065 816 4100 see
862 4061 924 4100 11.
963 4066 1016 4116 p.
1039 4048 1120 4111 62,
1149 4051 1183 4100 l.
1222 4066 1298 4114 14,
1338 4058 1471 4100 note.

319 4133 439 4184 Non
462 4132 612 4182 aliter
629 4131 790 4181 docere
804 4149 827 4189 ,·
856 4132 922 4183 ef.
952 4143 988 4183 1.
1016 4147 1066 4198 p.
1097 4148 1144 4188 α,
1168 4131 1203 4182 1.
1233 4147 1313 4189 21.
1336 4141 1472 4182 note.

319 4214 572 4280 Infinitzs,
615 4229 674 4264 so
714 4212 925 4266 Iren.¹¹²‘·
968 4215 1256 4277 Ambrstr.;
1311 4217 1470 4278 Tert.,

324 4299 363 4324 ⁸⁴
377 4297 850 4358 indeterminabiles,
859 4296 890 4320 '⁹
941 4301 976 4325 ‘⁸
994 4299 1404 4352 indeterminatas
1424 4299 1478 4361 3³³

319 4383 498 4450 vulg..
523 4388 556 4412 ‘⁴
572 4381 967 4435 interminatas-'⁸
1015 4383 1438 4448 Dispensationem
1455 4399 1478 4443 ;

319 4465 382 4516 cf.
409 4465 497 4515 the
517 4481 700 4515 comm.
727 4465 910 4524 below,
927 4481 979 4532 p.
1005 4477 1084 4530 73,
1111 4465 1147 4515 l.
1169 4481 1222 4517 11
1240 4481 1315 4531 sq.
1376 4467 1476 4517 Th.

319 4545 506 4609 clearly
561 4546 679 4596 read
726 4546 1015 4606 οἰκονομίαν,
1073 4545 1189 4596 thus
1245 4545 1481 4612 agreeing

1576 2990 1699 3040 with
1734 2989 1933 3054 Chrys„
1962 2990 2137 3051 Thdt„
2181 2992 2285 3041 and
2324 2992 2409 3042 the
2446 2993 2616 3044 Greek
2647 3009 2733 3043 au·

1573 3071 1800 3123 thorities
1828 3073 2099 3137 generally,
2126 3074 2325 3138 against
2344 3074 2431 3124 the
2463 3075 2609 3125 Pesh.
2632 3076 2735 3126 and

1577 3152 1665 3203 the
1687 3152 1839 3202 Latin
1864 3153 2101 3204 versionS.

1644 3245 1688 3296 7.
1758 3235 1919 3284 Pauli
1947 3236 2229 3299 humilitas]
2280 3237 2377 3288 See
2409 3237 2496 3288 the
2533 3253 2637 3303 arg.
2680 3245 2735 3288 to

1575 3315 1663 3364 the
1702 3316 1800 3380 Ep.
1848 3324 1903 3367 to
1946 3317 2231 3376 Philemon,
2278 3320 2425 3382 insta
2440 3334 2465 3378 ,·
2518 3320 2621 3370 and
2663 3318 2726 3370 εί

1576 3394 1753 3459 Chrys.
1782 3397 1855 3446 ad
1883 3397 1933 3447 h.
1956 3398 2026 3447 l.=
2073 3396 2217 3448 ἄκουε
2252 3401 2309 3450 τὸ
2347 3399 2598 3463 προσηνές,
2633 3401 2737 3450 πῶς

1577 3478 1633 3526 οὔ
1656 3479 1945 3529 διδασκάλου
1968 3481 2203 3542 κέχρηται
2236 3478 2376 3544 φωνῇ
2404 3481 2517 3530 ἀλλ’
2549 3482 2736 3531 οἰκέτου

1575 3560 1725 3622 [Oec.
1762 3563 1941 3624 ἱκέτου]
1975 3564 2169 3623 σχεδόν·
2214 3565 2269 3612 οὐ
2304 3566 2404 3626 γὰρ
2436 3563 2570 3611 εἶπεν
2591 3567 2605 3590 ‘
2623 3563 2734 3612 ἐτέ-

1574 3641 1720 3702 ταξα.“
1770 3642 1878 3694 οὐδὲ
1921 3650 1934 3672 “
1954 3643 2208 3694 exacue&
2254 3647 2365 3695 οὐδὲ
2415 3643 2737 3710 *ταρῄνεσιμ’

1579 3725 1713 3773 ἀλλὰ
1733 3726 1783 3774 τί
1800 3741 1813 3786 ;
1858 3731 1870 3753 ⁸
1887 3727 2199 3789 παρεκάλεσά
2218 3725 2311 3776 σε)

1641 3807 1795 3871 digna
1814 3813 1885 3856 est
1902 3807 2299 3870 demirationem]
2334 3807 2555 3868 Ronsch,
2579 3811 2733 3869 Itala,

1575 3903 1629 3954 p.
1653 3905 1768 3952 41²·

1642 3985 1690 4037 9.
1777 3974 1791 3998 ⁸
1811 3972 1989 4036 rogaui
2003 3968 2035 4032 ⁹,
2092 3971 2179 4020 uel
2222 3972 2517 4022 ‘obsoeratus
2568 3989 2681 4024 sum
2698 3972 2733 4036 ‘J

1577 4053 1689 4103 The
1714 4053 1991 4114 translator,
2020 4052 2319 4104 dissatisfied
2334 4054 2455 4104 with
2472 4055 2559 4106 the
2580 4055 2733 4122 Vulg.

1575 4134 1843 4200 rendering
1880 4134 2045 4185 which
2080 4135 2145 4185 he
2180 4135 2273 4187 has
2303 4138 2526 4188 retained
2562 4139 2617 4190 in
2647 4140 2733 4192 the

1573 4224 1696 4278 text,
1756 4218 1883 4268 adds
1937 4233 2005 4268 an
2052 4219 2348 4270 alternative
2365 4235 2381 4278 ς
2436 4222 2501 4271 cf.
2554 4235 2593 4280 ι..
2640 4239 2729 4289 pp.

1577 4298 1745 4356 xxxvi.
1780 4313 1826 4363 5,
1865 4299 1901 4349 1.
1942 4299 2001 4350 16
2030 4306 2165 4350 note.
2255 4301 2357 4350 For
2377 4317 2443 4352 an
2466 4319 2543 4354 ex.
2572 4305 2632 4355 of
2646 4305 2733 4357 the

1577 4384 1693 4449 dep.
1720 4383 1962 4434 obsecrari
1978 4384 2041 4434 cf.
2067 4396 2105 4435 1.
2131 4400 2182 4451 p.
2212 4383 2321 4449 163,
2344 4386 2380 4435 1.
2411 4402 2489 4437 ιο.

1651 4469 1726 4516 18.
1794 4481 1879 4516 nec
1914 4467 2047 4516 enim
2072 4473 2171 4531 pro
2206 4468 2295 4517 hoc
2326 4469 2439 4527 solo,
2462 4468 2581 4532 δια]
2636 4470 2733 4522 See

1579 4546 1667 4597 the
1699 4562 1801 4612 arg.
1842 4548 2017 4609 above,
2057 4562 2161 4612 esp.
2194 4563 2279 4614 pp.
2306 4547 2383 4611 67,
2412 4548 2446 4598 l.
2478 4564 2535 4606 ας
2570 4547 2648 4609 68,
2676 4551 2731 4602 ll.
