3250 5025
365 364 480 429 IV.
521 382 614 446 13,
666 364 790 449 14]
926 377 1010 429 IN
1059 377 1162 428 ΕΡ.
1211 376 1314 427 An
1359 376 2108 429 THESSALONICENSES
2156 379 2201 429 1.
2702 374 2787 441 27

360 557 554 615 erant
636 548 750 613 illa
810 570 983 632 quae
1059 548 1609 632 expectabantur,
1686 548 1755 613 in
1830 557 2094 613 tantum
2168 544 2493 613 consolari
2568 545 2785 629 magis

363 659 680 734 poterant
711 650 796 729 hi,
832 652 945 736 qui
971 650 1303 734 profundo
1335 649 1516 717 luctu
1549 652 1966 717 tenebantur.

491 780 792 843 nolumus
836 788 1052 842 autem
1091 800 1204 842 uos
1249 778 1568 862 agnorare,
1596 782 1875 862 fratres,
1907 779 1984 844 de
2021 776 2501 853 dormientibus,
2544 784 2619 841 ut
2656 795 2783 840 non

356 877 512 943 sitis
539 880 772 958 tristes,
801 880 970 943 sicut
994 890 1059 942 et
1083 880 1272 944 ceteri
1297 881 1415 963 qui
1439 892 1609 964 spem
1642 902 1768 945 non
1796 882 2045 948 habent.

493 1001 666 1065 bene
718 1002 875 1085 quia
923 1020 1057 1064 non
1107 1000 1448 1065 tristitiam
1500 1002 1773 1079 ademit,
1838 1002 1954 1065 sed
2010 1002 2383 1065 inmensam
2432 1017 2584 1062 eam
2634 1007 2840 1075 esses

359 1102 698 1187 prohibuit
756 1103 1257 1184 comparatione
1317 1103 1423 1166 uel
1476 1104 1777 1167 maxime
1836 1102 2384 1176 aduersariorum,
2434 1100 2521 1163 ad
2595 1118 2779 1162 uere-

361 1206 674 1269 cundiam
718 1226 833 1269 eos
875 1206 1229 1280 deuocan3‚
1277 1226 1358 1269 eo
1398 1206 1577 1289 quod
1625 1204 1719 1269 illi
1763 1226 1896 1269 non
1943 1203 2193 1267 habent
2224 1222 2434 1286 spem.
2529 1202 2777 1265 etenim

360 1317 504 1371 erat
533 1307 1022 1381 inconuenienS,
1057 1316 1130 1370 ut
1161 1306 1254 1370 illi
1285 1308 1398 1391 qui
1429 1316 1586 1392 post
1617 1318 1901 1372 mortem
1936 1306 2210 1370 meliora
2229 1304 2563 1389 praesenti
2595 1309 2775 1366 statu

363 1417 731 1489 expectant
773 1409 858 1472 ad
904 1408 1407 1473 similitudinem
1453 1409 1714 1474 illorum
1756 1410 2101 1474 tristentur
2134 1410 2246 1492 qui
2289 1407 2453 1471 nihil
2491 1405 2777 1489 amplius

358 1516 511 1589 post
563 1518 848 1573 mortem
907 1520 1288 1593 expectant.
1378 1511 1620 1577 deinde
1682 1521 1750 1576 et
1807 1512 1895 1576 de
1956 1511 2084 1574 illis
2151 1510 2267 1594 qui
2322 1510 2389 1573 in
2451 1530 2571 1592 spe
2621 1516 2777 1573 sunt
2815 1524 2894 1572 10

364 1612 585 1678 dixit:

485 1739 552 1803 si
594 1740 860 1825 (inquit)
907 1742 1226 1806 credimus
1266 1740 1442 1824 quod
1474 1742 1661 1805 Iesus
1703 1751 1999 1805 mortuus
2024 1750 2121 1805 est
2154 1750 2221 1804 et
2257 1737 2629 1817 resurrexit,
2684 1737 2781 1802 sic

359 1854 426 1908 et
454 1843 638 1909 Deus
665 1866 766 1908 eos
793 1845 913 1928 qui
937 1845 1348 1909 dormierunt
1358 1856 1484 1926 per
1510 1845 1731 1909 Iesum
1761 1844 2037 1909 adducet
2061 1865 2205 1909 cum
2235 1865 2319 1909 eo,

488 1963 578 2027 ‘si
611 1964 856 2028 etenim
903 1965 1445 2028 resurrectionem
1480 1964 1632 2027 Iesu
1664 1965 2011 2042 credimu5‚
2046 1963 2420 2027 necessario
2452 1960 2779 2026 debemus

360 2075 428 2130 et
457 2066 543 2131 de
573 2066 1056 2129 dormientibus
1079 2067 1360 2143 credere,
1384 2065 1700 2148 quoniam
1734 2075 1801 2129 et
1832 2065 1979 2129 illos
2010 2066 2357 2130 suscitabit
2385 2086 2504 2148 per
2538 2065 2777 2139 Iesum,
2814 2079 2886 2147 15

363 2168 457 2230 ita
491 2176 564 2231 ut
596 2179 661 2232 et
695 2169 829 2233 sint
857 2188 1010 2232 cum
1044 2188 1124 2231 eo
1145 2167 1375 2230 ’—-hoc
1409 2166 1588 2230 enim
1619 2167 1783 2231 dicit
1810 2168 2085 2232 adducet
2110 2189 2253 2230 cum
2282 2189 2363 2232 eo,
2387 2186 2566 2249 ,nam
2598 2162 2779 2249 quod

362 2270 541 2334 dixit
573 2281 700 2353 per
744 2270 979 2347 Iesum,
1025 2270 1456 2353 sequentibus
1500 2276 1604 2332 est
1649 2269 2083 2347 reddendum,
2132 2269 2243 2332 ubi
2290 2268 2467 2332 dixit
2509 2267 2785 2330 adducet

360 2392 503 2435 cum
532 2394 600 2435 eo
621 2398 653 2449 ,·
696 2382 770 2437 ut
801 2374 887 2436 sit
919 2371 1136 2435 simile
1167 2371 1258 2435 illi
1308 2372 1490 2435 dicto
1517 2394 1532 2434 :
1573 2392 1641 2434 eo
1669 2371 1846 2453 quod
1863 2381 1989 2452 per
2014 2370 2334 2434 hominem
2364 2390 2553 2445 mors,
2582 2378 2647 2431 et
2656 2376 2783 2448 per

361 2475 682 2540 hominem
719 2476 1095 2540 resurrectio
1125 2485 1547 2539 mortuorum.
1619 2474 1715 2539 sic
1748 2472 2042 2556 intellegi
2075 2474 2278 2538 debet
2308 2472 2628 2557 quoniam
2662 2490 2781 2555 per

365 2581 589 2645 Iesum
640 2580 1007 2665 praestabit
1061 2589 1129 2644 et
1160 2579 1354 2644 nobis
1407 2577 1978 2656 resurrectionem,
2030 2587 2264 2660 utpote
2302 2576 2541 2640 horum
2584 2575 2778 2639 nobis
2806 2587 2894 2637 20

360 2704 562 2747 causa
593 2685 944 2749 existente.
1031 2679 1568 2763 †intendendum
1625 2700 1783 2743 uero
1844 2687 1946 2743 est
1998 2677 2093 2741 illi
2156 2679 2266 2753 rei,
2319 2677 2636 2761 quoniam
2692 2677 2779 2740 de

363 2788 519 2852 Iesu
565 2789 794 2852 dicens
844 2787 1173 2871 [mortuus
1222 2795 1318 2848 est
1364 2786 1558 2860 dixit,
1613 2785 1701 2848 de
1761 2783 1997 2847 ceteris
2058 2802 2217 2845 uero
2274 2781 2531 2866 dicens]
2588 2787 2603 2814 ‘
2624 2781 2774 2846 dor-

490 2965 889 3055 προσεκτὲον
934 2963 1004 3030 δὲ
1045 2963 1150 3030 ὅτι
1195 2964 1308 3030 ἐπὶ
1353 2965 1474 3046 μὲν,
1515 2966 1634 3028 τοῦ
1678 2960 1903 3040 Ἰησοῦ
1946 2961 2022 3028 τὸ
2061 2961 2373 3027 &neeman
2425 2955 2621 3036 εἶπεν,
2665 2957 2779 3024 ἐπὶ

1458 3116 1492 3167 6
1525 3115 1950 3181 comparationem
1980 3112 2055 3164 C*
2081 3130 2113 3162 r
2242 3123 2269 3176 7
2304 3112 2546 3162 denotans
2574 3111 2618 3160 C
2634 3111 2705 3161 H
2716 3123 2771 3161 r:

1734 3213 1767 3265 9
1812 3195 2145 3260 expectabant
2180 3195 2225 3245 C
2254 3195 2403 3256 (corr)
2432 3191 2441 3258 Ι
2471 3192 2781 3242 tristarentur

1780 3293 1835 3328 12
1870 3279 2033 3342 inquit
2053 3293 2132 3327 om
2156 3295 2188 3326 r
2318 3261 2323 3268 ⁸
2450 3289 2507 3339 13
2542 3290 2628 3324 eos
2648 3291 2726 3324 om
2749 3291 2783 3324 r

1734 3375 1799 3411 ἰο
1820 3368 1871 3412 et
1886 3377 1964 3411 om
1981 3360 2049 3409 H
2171 3374 2229 3408 τι
2256 3357 2549 3408 existentem
2569 3358 2613 3406 C
2628 3353 2776 3420 (corr)

1887 3456 1951 3504 23
1985 3439 2143 3488 Coisl.
2177 3454 2289 3500 204,
2328 3438 2364 3486 f.
2404 3449 2543 3500 170³.
2575 3436 2684 3499 [Cr.
2707 3436 2776 3484 vi.
2870 3473 2879 3480 .

458 3140 489 3184 4
521 3119 882 3172 contristemini
905 3119 1020 3184 (for
1038 3117 1146 3168 sitis
1167 3115 1247 3181 tr.)
1271 3117 1340 3166 Η·

357 3211 440 3254 txt
460 3204 485 3251 l
509 3201 519 3266 Ι
545 3201 786 3252 haberent
823 3201 866 3250 C
899 3200 1043 3262 (corr)
1248 3201 1278 3249 8
1328 3198 1478 3248 statui
1513 3214 1547 3246 r

365 3286 410 3336 C
441 3281 586 3349 (corr)
853 3295 913 3331 10
945 3281 1276 3346 expectabant
1303 3280 1346 3329 C
1367 3277 1516 3344 (corr)

367 3380 423 3430 17
458 3367 732 3416 redendum
756 3362 858 3429 (sic)
879 3364 955 3415 C*
971 3364 1040 3414 H
1178 3378 1236 3429 19
1270 3371 1320 3412 et
1339 3361 1455 3427 (χον
1467 3359 1558 3426 sic)
1574 3379 1606 3410 r

360 3461 419 3496 ἰα
455 3445 916 3496 mortuus...dicens
937 3460 1016 3494 om
1045 3444 1090 3493 C
1106 3444 1174 3493 H
1188 3460 1220 3493 r
1250 3441 1370 3508 (per
1401 3443 1691 3504 homoeotcl.)

363 3528 480 3593 361]
511 3529 800 3593 προσεκτέον
832 3527 900 3588 δέ,
939 3529 1088 3576 κ.τ.λ.

426 3677 472 3726 3.
540 3669 602 3712 ut
632 3677 734 3710 non
765 3661 876 3710 sitris·
907 3659 1092 3722 tn'stes]
1137 3659 1205 3710 Ο.
1232 3661 1313 3719 L.‚
1342 3659 1514 3724 Vulg.,

359 3754 419 3796 ut
436 3761 538 3795 non
562 3745 939 3794 contristemini.
993 3743 1103 3793 Our
1125 3743 1394 3793 translator
1408 3756 1520 3790 uses

358 3828 884 3878 εοητνὶεέανι--λυπεῖν
905 3829 960 3876 in
984 3826 1118 3891 Eph.
1145 3825 1212 3874 iv.
1239 3839 1318 3888 30.

427 3923 473 3972 5.
539 3909 653 3958 bene
682 3908 970 3973 quia...n0n
1003 3908 1056 3955 h.
1089 3905 1241 3970 spem]
1279 3903 1430 3965 Cited
1449 3904 1519 3968 by

359 3990 627 4046 [anfi-ane,
661 3989 778 4038 who
822 3989 969 4037 alone
1004 3987 1095 4036 has
1134 3985 1398 4050 preserved
1434 3985 1518 4034 the

357 4077 466 4120 true
498 4069 706 4132 reading
735 4068 998 4128 deuocan53
1031 4066 1093 4117 cf.
1130 4083 1212 4115 vv.
1250 4066 1304 4114 11.
1328 4060 1518 4114 Thdt.=

359 4153 415 4201 οὐ
446 4148 694 4201 παντελῶς
728 4147 900 4200 κωλύει
931 4150 1020 4207 τὴν
1050 4144 1228 4207 λύπην,
1266 4145 1400 4195 ἀλλὰ
1430 4147 1521 4206 τὴν

357 4227 583 4293 σ’μετρίαν
597 4229 845 4292 ἐκβάλλει.
871 4227 948 4277 Cf.
965 4228 1065 4276 Th.
1081 4242 1147 4276 on
1159 4226 1349 4289 S-John
1357 4225 1424 4274 xi.
1437 4236 1516 4286 35.

429 4321 503 4371 17.
583 4309 700 4373 ‘per
718 4303 924 4367 Iesum,'
945 4305 1254 4372 sequentibus
1273 4312 1344 4355 est
1363 4303 1518 4366 redd-J

357 4391 517 4441 Thdt.
543 4389 688 4440 offers
711 4405 778 4439 no
801 4388 1010 4454 opinion
1049 4403 1116 4437 on
1143 4387 1242 4436 this
1275 4394 1516 4450 punctua-

359 4473 497 4534 tion3
529 4473 708 4537 Chrys,
750 4473 891 4536 gives
928 4471 970 4520 it
1008 4485 1064 4520 as
1103 4485 1168 4518 an
1201 4467 1515 4524 alternative,

360 4555 451 4605 but
494 4554 790 4619 apparently
825 4553 1011 4618 prefers
1056 4559 1109 4602 to
1153 4556 1364 4600 connect
1409 4550 1520 4600 τοὺς

1621 3657 1931 3717 κοιμηθέντας
1945 3654 2025 3704 διὸ,
2048 3655 2135 3702 τοῦ
2156 3651 2216 3701 Ἰ.
2284 3651 2408 3702 Oec.
2448 3650 2549 3700 and
2579 3647 2770 3713 Thpht.

1619 3744 1747 3788 state
1770 3736 1895 3786 both
1928 3734 2097 3793 viewS,
2124 3732 2247 3782 with
2270 3730 2413 3782 Th.’s
2436 3746 2621 3780 comm.
2658 3745 2773 3794 pos-

1619 3819 1751 3880 sibly
1774 3816 1942 3867 before
1964 3816 2102 3865 them
2134 3813 2218 3874 (cs.
2242 3811 2465 3876 Thpht.:
2500 3808 2533 3870 ἢ
2564 3811 2665 3869 ἄξει
2700 3810 2779 3858 διὸ,

1619 3901 1705 3948 τοῦ
1727 3897 1901 3959 Ἰησοῦ·
1935 3895 2205 3950 τουτέστιν,
2230 3895 2256 3943 ὸ
2278 3893 2373 3942 υἱὸς
2394 3892 2556 3943 αὐτοῖς
2574 3889 2776 3951 μεσίτης

1621 3983 1762 4031 ἔσται
1784 3981 1868 4040 τῆς
1890 3974 2238 4040 ἀναστάσεως).

1694 4066 1769 4114 18.
1836 4063 1920 4112 illi
1952 4059 2099 4122 dicto]
2161 4076 2181 4109 1
2232 4059 2351 4108 Cor.
2400 4073 2483 4107 xv.
2540 4073 2621 4107 αι.
2690 4056 2769 4126 Cf.

1621 4145 1778 4194 Thdt.
1833 4145 2003 4194 Eran.
2048 4141 2142 4201 iii„
2176 4141 2343 4190 where
2386 4139 2487 4190 this
2538 4155 2680 4189 verse
2734 4139 2777 4189 is

1617 4225 1807 4290 quoted
1828 4223 1882 4274 in
1898 4223 2178 4272 connexion
2200 4221 2321 4271 with
2350 4234 2369 4269 1
2392 4219 2567 4269 Thess.
2596 4219 2660 4269 iv.
2696 4233 2772 4280 14,

1618 4307 1742 4357 with
1780 4307 1866 4357 the
1908 4305 2134 4356 remark:
2176 4298 2273 4354 ἀπὸ
2309 4297 2396 4362 τῆς
2437 4304 2525 4351 τοῦ
2566 4303 2780 4362 σωτῆρος

1621 4387 1931 4438 ἀναστάσεως
1972 4387 2166 4450 βεβαιοῖ
2205 4386 2289 4434 τὸν
2332 4385 2441 4448 περὶ
2492 4384 2578 4443 τῆς
2621 4377 2778 4441 κοινῆς

1617 4465 1928 4517 ἀναστάσεως
1948 4467 2113 4527 λόγον.

1686 4565 1767 4598 21.
1842 4547 1900 4597 de
1943 4548 2057 4596 lesu
2090 4546 2143 4596 d.
2187 4547 2282 4594 ‘m.
2316 4550 2388 4593 cst
2406 4542 2417 4566 '
2458 4540 2613 4603 dixit]
2680 4541 2777 4590 See
