3250 5025
539 381 661 446 180
1195 383 1655 450 THEODORUS
1700 392 2287 450 MOPSUESTENUS

2580 382 2728 470 [VI.
2758 401 2818 470 9,
2857 403 2951 452 10.

525 563 696 630 haec
725 567 902 631 enim
934 558 1290 641 e'ffruemur
1315 567 1501 650 sola;
1544 577 1770 635 cetera
1808 563 1988 647 uere,
2020 562 2283 635 etiamsi
2312 567 2659 636 cumulata
2687 570 2953 649 fuerint,

531 670 676 736 aliis
720 671 1168 756 relinquemus
1212 674 1282 739 in
1327 673 1599 740 mundo,
1690 672 2139 758 ‘superfluum
2184 683 2287 738 est
2334 673 2607 758 (inquit)
2661 693 2786 739 nos
2834 675 2953 758 qui

530 775 710 840 nihil
759 775 1120 855 intulimus,
1175 778 1429 864 [multa
1487 777 1664 844 uelle
1720 779 2112 863 conquirere
2170 788 2247 844 ut
2305 777 2461 842 hinc
2534 777 2952 861 efferamus].’

531 879 776 946 deinde
819 883 1180 949 ostendens
1224 883 1799 968 quemadmodum
1848 884 2090 950 nociua
2140 883 2229 948 sit
2276 881 2664 948 huiusmodi
2712 882 2953 947 sollici-2

471 999 502 1068 5
532 986 702 1052 tudo
727 986 792 1050 ei
825 985 992 1072 [qui]
1023 987 1260 1072 pietati
1293 987 1562 1052 studere
1589 987 1778 1070 cupit:
1806 1005 1822 1050 ε

659 1140 782 1224 qui
831 1150 1052 1206 autem
1107 1141 1340 1207 nolunt
1378 1140 1619 1207 diuites
1644 1127 1826 1227 fieri,
1879 1139 2179 1206 incidunt
2232 1139 2305 1204 in
2364 1139 2835 1224 temptationem
2892 1147 2957 1204 et

532 1244 830 1329 laqueum
851 1245 1102 1312 diaboli
1115 1256 1181 1311 et
1197 1245 1518 1311 desiden'a
1547 1245 1762 1310 multa
1788 1267 1953 1329 quae
1982 1244 2162 1331 [non]
2188 1245 2534 1310 secundum
2566 1245 2952 1310 intellectum

531 1357 690 1412 sunt
712 1355 777 1413 et
813 1348 1046 1414 noctua
1063 1368 1095 1424 ,·
1141 1369 1307 1433 qnae
1349 1359 1657 1432 mergunt
1689 1348 1981 1414 homines
2022 1348 2094 1413 in
2136 1346 2595 1414 exterminium
2639 1358 2704 1413 et
2726 1347 2949 1432 perdi-

533 1451 788 1518 tionem.

660 1599 931 1644 necesse
958 1587 1063 1644 est
1091 1600 1245 1648 eum
1286 1579 1400 1664 qui
1432 1580 1618 1664 cupit:
1658 1580 1929 1647 diuitias
1971 1581 2319 1666 adquirere
2364 1569 2593 1646 multis
2624 1580 2946 1666 implicari

527 1684 1087 1764 tribulationibuS,
1140 1686 1356 1752 multa
1401 1686 1578 1751 enim
1614 1686 1907 1771 [oportet
1938 1686 2119 1770 eum]
2169 1687 2496 1752 sustinere
2541 1686 2833 1770 pericula
2879 1694 2949 1750 et

529 1789 617 1854 ad
682 1789 1013 1853 desideria
1077 1809 1507 1872 prorumpere
1559 1790 1801 1854 nociua
1846 1797 1917 1854 et
1960 1790 2185 1865 stulta,
2232 1811 2322 1854 ex
2363 1792 2607 1873 quibus
2648 1789 2947 1854 maxime

527 1893 757 1977 augeri
796 1890 1017 1957 solent
1047 1901 1116 1957 et
1145 1893 1490 1956 abundare
1517 1910 1536 1970 ;
1582 1892 1782 1976 [quae
1810 1892 2245 1962 commodum
2276 1894 2548 1976 quidem
2581 1891 2945 1978 praestare]

528 2006 845 2080 poterunt
884 1996 1165 2075 nullum,
1209 1996 1657 2079 perditionem
1710 2017 1869 2061 uero
1916 1997 2199 2063 multam
2244 1996 2600 2081 prouident
2648 1996 2779 2060 illis
2832 1999 2947 2080 qui

424 2125 493 2193 15
527 2103 737 2168 semel
800 2101 1113 2186 occupati
1163 2101 1408 2166 fuerint
1477 2122 1709 2172 eorum
1762 2101 2112 2170 desiderio,
2201 2109 2272 2166 et
2340 2101 2491 2185 quis
2545 2101 2949 2165 sufficienter

525 2208 774 2290 poterit
830 2207 1054 2272 dicere
1112 2205 1230 2271 illa
1281 2205 1464 2271 mala
1514 2228 1690 2292 quae
1736 2227 1829 2272 ex
1888 2204 2221 2271 desiderio
2253 2206 2503 2271 solent
2561 2203 2943 2270 diuitiarum

525 2311 845 2376 adnasci?
932 2312 1113 2376 unde
1135 2320 1214 2404 ‘et
1245 2310 1531 2377 adiecit:

428 1595 508 1646 10

653 2445 854 2513 radix
875 2446 1050 2513 enim
1079 2447 1372 2513 omnium
1403 2446 1727 2513 malorum
1755 2456 1854 2512 est
1876 2445 2200 2531 cupiditas
2210 2444 2622 2531 pecuniaria.

624 2638 646 2673 r
681 2621 762 2673 his
783 2638 827 2673 e.
855 2620 1074 2675 fruemur
1093 2621 1214 2673 solis
1236 2638 1270 2671 r

527 2702 848 2753 ...efferamus
867 2718 947 2752 om
974 2703 1019 2752 C
1034 2703 1128 2752 Ha
1161 2709 1240 2751 αἱ
1258 2718 1292 2751 r

519 2782 708 2832 studire
734 2784 778 2833 C
785 2782 810 2808 ‘
840 2782 849 2849 Ι
879 2784 1031 2833 adicit
1056 2781 1166 2847 (afl
1182 2782 1340 2849 cupit)
1361 2782 1466 2833 add
1482 2798 1516 2832 r
1732 2782 1765 2833 6
1796 2798 1914 2832 nam
1936 2782 2022 2846 qui
2045 2781 2137 2833 διε.
2160 2782 2239 2844 [as
2258 2783 2317 2831 in
2350 2783 2518 2846 Vulg.]
2538 2798 2574 2831 r
2780 2795 2810 2846 7
2842 2802 2948 2835 non

519 2878 598 2913 om
626 2861 671 2912 C
687 2862 758 2911 H
969 2864 1002 2913 8
1033 2863 1394 2927 per-dictionem
1413 2860 1485 2912 C*
1676 2877 1733 2914 11
1769 2876 1885 2913 eum
1906 2859 2023 2927 (for
2040 2859 2193 2924 enim)
2217 2878 2250 2910 r
2272 2858 2281 2925 Ι
2312 2868 2509 2927 oportet
2531 2876 2647 2913 eum
2666 2878 2745 2911 om
2772 2864 2819 2911 C
2834 2866 2903 2912 H
2916 2881 2951 2913 r

527 2956 586 3005 13
619 2957 800 3006 augere
819 2944 890 2993 H
905 2940 915 3009 Ι
943 2951 1388 3009 quae...praestare
1409 2960 1487 2994 om
1515 2944 1562 2994 C
1576 2945 1689 2994 Ην
2002 2959 2063 3008 14
2095 2950 2328 3009 poterant
2347 2943 2539 2994 nullum
2570 2945 2613 2994 C
2628 2944 2700 2993 H
2709 2951 2947 3009 poterunt

523 3024 622 3083 (om
654 3020 870 3083 nullum)
903 3021 968 3088 νΙ
999 3023 1158 3073 multa
1191 3024 1307 3089 (for
1345 3025 1577 3086 multam)
1610 3025 1683 3074 H
1712 3022 1925 3074 multam
1968 3024 2107 3090 perd.
2146 3039 2267 3073 uero
2287 3022 2354 3090 νΙ
2382 3040 2513 3091 quae
2558 3022 2671 3089 (sor
2709 3023 2815 3089 qui)
2861 3024 2942 3076 C*

525 3118 583 3170 15
617 3106 816 3157 fuenmt
845 3106 923 3159 C⁸¹
946 3108 1018 3159 H
1269 3120 1329 3173 17
1361 3105 1498 3157 unde
1529 3106 1685 3158 adicit
1722 3107 1765 3157 C
1793 3106 1927 3159 unde
1959 3113 2011 3157 et
2040 3104 2194 3157 adicit
2216 3121 2250 3156 r
2512 3108 2571 3159 18
2602 3106 2811 3157 auaritia
2833 3106 2951 3171 (sor

517 3201 634 3253 cup.
661 3186 796 3252 pec.)
819 3202 853 3237 r

1509 2637 1538 2674 α
1573 2622 1901 2687 relinquimus
1927 2622 1972 2673 C
1990 2638 2023 2672 r
2046 2620 2055 2687 Ι
2085 2638 2196 2703 sup.
2220 2622 2355 2673 enim
2377 2628 2453 2673 est
2474 2638 2508 2672 r

1583 2720 1616 2764 4
1648 2702 1870 2752 solitudo
1897 2703 1942 2752 C
1958 2718 1994 2751 r

2723 2623 2947 2687 3multa

2283 2716 2311 2766 5
2346 2703 2718 2767 quiomCHz
2751 2702 2917 2769 txtrl

519 3350 755 3419 petency’
801 3350 854 3415 (ἥ
897 3349 1290 3418 ᾳῦτάρκειαποΐς
1323 3351 1679 3419 ἅρκεσθησὸμε-
1719 3416 1723 3419 ,

521 3436 624 3497 θα).
707 3434 789 3486 Cf.
831 3435 1056 3502 Thpht.=
1105 3434 1315 3501 ὀρὶζῑται
1357 3436 1566 3488 ἐνταῦθα
1607 3438 1683 3489 τίς

516 3516 652 3567 ἐστὶν
671 3512 704 3577 ἡ
725 3513 1002 3579 αὐτάρκεια.

591 3612 634 3647 1.
686 3596 981 3662 effruemur]
1045 3595 1160 3649 The
1191 3597 1322 3649 lexx.
1353 3598 1469 3665 give
1499 3614 1568 3650 no
1601 3614 1681 3651 ex.

519 3680 580 3731 of
595 3680 694 3731 this
715 3680 1021 3746 compound.

587 3779 634 3828 3.
695 3764 875 3821 multa,
892 3762 1006 3825 δια]
1067 3760 1295 3814 Omitted
1310 3763 1380 3828 by
1395 3762 1482 3815 the
1498 3764 1677 3827 MSS„

521 3842 737 3908 perhaps
779 3842 1000 3908 through
1037 3842 1478 3894 homoeoteleuton
1519 3842 1679 3906 [intu-

519 3924 611 3973 lim
620 3922 947 3988 ras-...efferam
957 3923 1061 3985 usJ.
1107 3924 1345 3974 Rabanus
1367 3924 1488 3974 here
1511 3938 1682 3976 comes

519 4012 576 4055 to
599 4021 689 4056 our
709 4005 845 4071 help,
864 4006 952 4056 the
974 4006 1140 4056 words
1155 4006 1342 4071 having
1358 4006 1513 4057 found
1537 4006 1681 4071 place

520 4104 577 4138 as
599 4088 638 4139 it
661 4104 820 4139 seems
842 4088 896 4137 in
917 4088 1004 4139 the
1025 4087 1203 4139 earlier
1223 4089 1340 4141 MS.
1363 4088 1492 4138 from
1516 4090 1683 4140 which

520 4168 601 4221 his
621 4176 836 4220 extr-acts
857 4185 987 4221 were
1007 4170 1186 4235 copied
1210 4171 1274 4232 (1.
1296 4186 1350 4235 p.
1373 4170 1565 4231 xxxiii).

590 4249 641 4301 6.
725 4250 820 4315 qui
859 4251 1046 4315 antem]
1138 4253 1210 4303 So
1267 4252 1453 4317 Cypr.;
1503 4250 1675 4318 vulg„

529 4332 566 4359 “
580 4347 701 4399 nam*
721 4330 860 4397 qui.’'
933 4334 1072 4394 Quae
1094 4332 1239 4395 [non]
1260 4349 1350 4383 sec.
1377 4333 1472 4383 int.
1495 4340 1673 4383 τηνεί-ε

522 4407 753 4469 ἀνοήτους
775 4410 900 4471 (sine
920 4410 1180 4469 intellectu,
1197 4412 1299 4461 Tit.
1317 4412 1389 4462 iii.
1410 4412 1460 4475 3)
1471 4428 1489 4473 ς
1523 4414 1677 4479 Aug„

527 4490 732 4542 “stulta
746 4488 776 4514 ”
810 4490 894 4553 (cs.
920 4491 1082 4556 infra,
1105 4492 1138 4543 l.
1169 4495 1278 4555 12);
1313 4492 1482 4558 vulg„
1523 4494 1681 4544 “inu-

1780 3356 1891 3408 tilia
1902 3356 1935 3380 ”
1946 3352 2276 3417 κάνωῆτοω.
2340 3354 2455 3407 The
2472 3355 2681 3421 reading
2696 3354 2749 3407 in
2764 3354 2944 3421 Chrys.

1780 3441 1881 3491 and
1934 3440 2091 3491 Thdt.
2147 3437 2192 3489 is
2244 3438 2478 3490 doubtful
2494 3456 2513 3502 3
2568 3440 2741 3501 Dam„
2790 3438 2936 3501 Oce„

1780 3522 1974 3589 tht.
1996 3537 2147 3587 agree
2167 3520 2293 3573 with
2314 3520 2414 3573 Th.
2974 3580 2979 3587 Ι

1852 3616 1929 3653 11.
1988 3607 2173 3669 oportet
2211 3603 2348 3666 enm]
2436 3602 2535 3653 See
2576 3600 2733 3652 vv.11.
2826 3599 2942 3650 The

1778 3679 1982 3733 scribe’s
2003 3696 2095 3746 eye
2128 3696 2291 3733 seems
2321 3688 2377 3732 to
2407 3680 2538 3731 have
2570 3680 2837 3731 wandered
2871 3694 2939 3729 on

1778 3763 1909 3814 from
1944 3764 2081 3814 enim
2116 3770 2172 3814 to
2206 3778 2337 3821 eum,
2374 3762 2476 3813 and
2508 3763 2595 3813 the
2626 3761 2943 3825 intervening

1777 3844 1919 3895 word
1954 3842 2048 3895 has
2082 3842 2446 3910 consequently
2480 3845 2612 3895 been
2648 3842 2764 3893 lost.
2825 3843 2941 3907 Just

1778 3924 1945 3975 below
1975 3923 2031 3986 (1.
2060 3925 2139 3989 13)
2172 3924 2381 3974 another
2413 3922 2618 3973 incuria
2646 3922 2737 3973 has
2769 3922 2851 3972 led
2886 3929 2943 3972 to

1779 4006 1866 4058 the
1898 4022 2037 4058 more
2066 4006 2254 4059 serious
2286 4008 2525 4058 omission
2558 4007 2725 4059 which
2752 4006 2781 4057 1
2810 4007 2945 4057 have

1781 4089 2073 4155 tentatively
2096 4088 2345 4155 supplied.

1853 4170 1929 4220 18.
1993 4170 2238 4235 cupiditas
2248 4167 2569 4235 pecuniaria]
2634 4168 2668 4230 ἡ
2701 4170 2939 4232 φιλαργυ-

1780 4249 1877 4314 ρία.
1942 4248 2057 4301 The
2080 4250 2231 4301 Latin
2254 4250 2477 4300 versions
2498 4266 2583 4301 are
2616 4250 2769 4300 much
2800 4265 2941 4300 exer·

1780 4330 1917 4381 cised
1960 4332 2029 4396 by
2072 4331 2173 4381 this
2216 4331 2387 4388 word;
2435 4331 2565 4381 Cod.
2612 4330 2807 4381 Amiat.
2848 4330 2941 4379 has

1781 4416 1817 4442 ‘⁸
1835 4414 2087 4478 cupiditas
2101 4411 2132 4436 ’'
2154 4413 2339 4480 simply
2359 4432 2374 4476 ς
2410 4414 2453 4464 F
2453 4413 2583 4472 uld„
2602 4417 2635 4442 “
2650 4411 2863 4463 auaritia
2880 4408 2940 4473 ;”

1783 4496 1918 4562 Aug.
1948 4512 2137 4547 wavers
2167 4498 2397 4549 between
2429 4498 2572 4549 thoee
2602 4502 2705 4547 two
2737 4497 2941 4561 equiva-
