3250 5025
321 298 452 363 111.
494 316 589 381 14,
628 300 753 385 15.]
1040 315 1125 366 IN
1172 316 1277 368 ΕΡ.
1324 316 1426 368 AD
1470 316 1937 371 TIMOTHEUM
1984 321 2060 372 11.

450 497 519 553 et
549 489 841 553 suadens
873 488 1061 553 illum
1096 500 1323 555 tenere
1355 512 1435 555 ac
1466 512 1859 575 permanere
1891 494 2176 560 adiecit:

446 650 651 713 sciens
677 672 721 714 a
750 671 874 733 quo
904 650 1227 717 didicerit.

448 786 780 851 sufficiens
826 798 1051 853 autem
1116 797 1220 853 est
1260 790 1346 853 ad
1396 788 1846 855 hortationem
1897 791 2373 875 discipulorum
2437 792 2740 875 magistri

318 891 627 973 dignitas,
718 892 961 958 deinde
992 901 1059 958 et
1090 894 1271 958 aliud
1304 895 1505 959 dicit:

446 1072 510 1127 et
534 1063 691 1145 quia
718 1086 763 1127 a
776 1062 1073 1146 pueritie}
1100 1086 1324 1130 sacras
1350 1065 1605 1130 litteras
1632 1066 1937 1131 didicisti.

448 1226 605 1270 narn
661 1218 728 1273 et
779 1208 907 1274 hoc
960 1211 1291 1276 sufficiens
1345 1222 1488 1278 erat
1535 1212 1895 1277 exhortare
1955 1232 2128 1278 eum.
2218 1210 2457 1278 rubore
2511 1221 2738 1276 autem

316 1314 596 1395 dignum
631 1316 987 1380 uidebatur
1030 1326 1107 1381 ut
1152 1316 1204 1380 is
1252 1318 1369 1399 qui
1416 1338 1455 1380 a
1500 1316 1786 1400 pueritia
1819 1318 1885 1380 in
1917 1318 2112 1381 bonis
2147 1317 2362 1380 fuerat
2392 1308 2736 1387 enutrituS,

316 1416 384 1479 in
435 1419 671 1482 ultimo
725 1429 882 1501 post
922 1420 1103 1503 longi
1154 1422 1473 1503 temporis
1525 1421 2030 1485 meditationem
2081 1422 2357 1504 indigna
2405 1418 2740 1482 uideretur

315 1540 533 1604 agere.
626 1543 783 1586 nam
832 1531 901 1587 et
946 1524 1161 1607 ipsam
1201 1525 1575 1588 doctrinam
1619 1524 1988 1588 admodum
2039 1522 2394 1588 sublimem
2426 1521 2738 1599 ostendit,

315 1624 477 1687 dum
531 1626 695 1690 dicit
756 1646 981 1689 sacras
1026 1627 1283 1691 litteras
1333 1626 1595 1690 diuinas
1646 1648 1790 1690 esse
1836 1627 2212 1709 scripturaS,
2260 1626 2500 1708 quibus
2554 1625 2738 1689 omni

313 1727 569 1791 ratione
619 1728 797 1792 credi
860 1732 1191 1795 conuenit.
1284 1729 1465 1793 unde
1536 1738 1605 1793 et
1683 1728 2008 1812 qualitate
2069 1730 2284 1814 ipsam
2363 1729 2737 1793 doctrinam

315 1833 662 1897 cumulans
695 1834 978 1898 adiecit:

443 1960 606 2073 qtcae
636 2000 693 2055 te
707 2001 984 2074 possunt
1012 1992 1325 2059 instruere
1354 1992 1453 2055 ad
1470 1992 1746 2056 salutem
1763 2004 1889 2075 per
1897 1991 2106 2076 fidem
2137 1991 2286 2056 Iesu
2323 1992 2586 2058 Christi.

446 2148 601 2191 nam
652 2137 721 2192 et
768 2128 1063 2191 ostendit
1115 2130 1557 2193 necessarium
1618 2148 1765 2192 esse
1825 2138 1900 2192 ut
1961 2138 2232 2193 maneat
2293 2131 2360 2192 in
2432 2129 2736 2194 doctrina

316 2234 601 2317 pietatis,
636 2254 770 2297 una
814 2234 1087 2317 quidem
1134 2254 1223 2295 ex
1267 2253 1469 2296 causa
1514 2254 1603 2295 ex
1645 2231 2108 2313 magnitudine
2149 2232 2477 2312 doctoris;
2527 2233 2736 2297 altera

315 2358 489 2414 uer0,
521 2339 679 2421 quia
708 2346 777 2401 et
821 2359 862 2401 a
898 2338 1181 2420 pueritia
1222 2336 1336 2401 illa
1377 2337 1702 2412 didicerit,
1755 2346 1822 2401 et
1872 2336 2051 2419 quod
2103 2337 2250 2419 ipsa
2297 2338 2600 2401 doctrina
2649 2338 2736 2400 sit

314 2440 561 2518 diuina,
594 2453 663 2506 et
694 2441 877 2524 quod
924 2461 1171 2524 magna
1212 2440 1422 2524 possit
1457 2448 1798 2523 praestare
1830 2438 1958 2501 illis
2002 2441 2119 2522 qui
2161 2438 2426 2504 Christo
2469 2440 2736 2505 credere

1782 2629 1808 2680 7
1843 2615 2070 2666 uideatur
2099 2616 2144 2666 C
2155 2616 2479 2666 Huideturr
2507 2616 2516 2683 Ι
2541 2617 2594 2666 hi
2621 2615 2738 2683 (for

2079 2715 2132 2750 11
2171 2700 2234 2749 ad
2261 2699 2369 2764 (bes
2384 2698 2564 2765 ipsam)
2583 2701 2688 2750 add
2705 2718 2738 2750 r

418 2633 437 2668 1
475 2633 535 2668 ac
555 2633 633 2667 om
655 2618 725 2666 II
744 2615 753 2682 1
779 2616 934 2668 adicit
962 2617 1007 2666 C
1220 2615 1251 2667 6
1286 2615 1535 2666 exhortari
1552 2632 1585 2665 r

310 2699 375 2762 is)
392 2701 460 2750 H
659 2702 690 2750 8
724 2699 1136 2750 meditationes!
1154 2697 1163 2763 1
1190 2699 1397 2765 incipiat
1421 2699 1527 2760 (for
1544 2698 1864 2760 uideretur)r

320 2794 375 2830 12
411 2779 565 2830 adicit
592 2780 637 2830 C
651 2797 684 2830 r

1568 2946 1743 2990 sancto
1776 2939 2132 2990 reuelationem
2175 2940 2222 2990 ei
2266 2939 2501 2991 donante.
2569 2941 2730 3007 ipsam

1568 3039 1690 3088 ergo
1745 3022 2064 3089 prophetiam
2119 3030 2252 3073 recte
2303 3023 2374 3073 sic
2421 3023 2730 3088 adpellauit;

1568 3104 1642 3153 sic
1697 3111 1748 3154 et
1809 3105 1931 3154 alibi
1999 3104 2158 3154 dixit:
2233 3104 2427 3152 ‘omnis
2481 3105 2728 3168 scriptura

378 2950 423 2986 2.
494 2953 528 2986 a
560 2953 655 3002 quo
686 2937 935 3001 didm-nir]
999 2936 1133 3002 παρὰ
1168 2939 1329 2990 τίνος
1362 2939 1476 2998 lua·

314 3021 405 3069 θες.
490 3019 568 3069 Cf.
608 3019 697 3069 the
739 3036 924 3070 comm.
963 3018 1016 3078 (1.
1057 3019 1120 3085 3).
1204 3021 1333 3070 This
1370 3035 1475 3070 was

310 3099 396 3150 the
418 3100 627 3166 reading
646 3101 753 3151 also
776 3102 833 3151 os
851 3101 1025 3165 Chrys.
1051 3103 1153 3152 and
1175 3104 1355 3166 Thdt.;
1388 3106 1474 3155 the

310 3183 459 3233 latter
480 3197 620 3247 says:
656 3187 761 3233 εἶτα,
785 3184 1023 3234 δείκνυσιν
1059 3186 1139 3234 καὶ
1171 3179 1272 3233 τοῦ
1308 3186 1472 3234 διδα-

310 3261 535 3312 σκάλου
564 3264 633 3326 [v.
652 3265 687 3312 l.
711 3262 1011 3326 ἀποστόλου]
1033 3267 1090 3314 τὸ
1112 3262 1405 3325 ἀξιόπιστον.

380 3359 423 3404 5.
496 3359 529 3392 a
562 3345 1100 3408 pueritia...didicisti]
1166 3347 1279 3395 The
1322 3346 1475 3396 Latin

311 3423 533 3472 versions
572 3423 757 3488 rightly
800 3425 991 3484 render,
1041 3425 1155 3474 “ab
1198 3425 1468 3477 infantia...

310 3503 500 3553 nosti.”
554 3505 804 3554 Didicisti
822 3506 864 3554 is
888 3505 1113 3570 possibly
1132 3523 1163 3556 a
1186 3508 1400 3556 blunder
1421 3508 1477 3558 of

312 3582 398 3634 the
420 3584 624 3641 scribes,
648 3585 827 3635 misled
850 3588 917 3651 by
938 3586 1169 3636 didiceris·
1192 3587 1245 3648 (l.
1276 3589 1343 3648 α).

376 3669 421 3718 8.
497 3667 882 3731 nuditationem]
906 3690 951 3711 =
971 3670 1189 3730 ἄσκησιν,
1241 3671 1465 3730 μελέτην.

310 3749 532 3814 Perhaps
553 3767 630 3800 we
652 3751 833 3800 should
856 3752 973 3801 read
993 3759 1109 3817 post
1130 3753 1471 3802 mediationem

311 3831 519 3896 (πολλοῦ
544 3831 805 3892 μεσοῦντος
832 3831 1023 3896 χρόνου)
1042 3851 1057 3892 ;
1091 3833 1167 3882 for
1192 3834 1460 3882 mediare:

308 3913 486 3972 μεσοῦν
508 3913 573 3963 cf.
599 3927 638 3962 1.
666 3929 715 3977 p.
747 3925 855 3974 152,
878 3915 911 3964 l.
941 3933 989 3977 4,
1013 3923 1149 3964 note.

378 4012 454 4046 10·
546 4001 559 4024 ‘
573 4012 741 4046 sacras
796 3997 988 4047 litteras
1002 3997 1015 4019 ’
1072 3997 1293 4057 dim'nas,
1353 3996 1468 4059 &c.]

308 4076 513 4140 Chrysa
564 4078 614 4126 τί
658 4079 791 4128 ἐστὶν
836 4076 970 4142 *ἱερὰ
1012 4076 1332 4141 γράμματα;’
1384 4077 1470 4129 τὰς

309 4162 437 4212 θείας
470 4161 673 4225 γραφάς.
751 4163 830 4212 Cf.
864 4163 962 4212 Th.
998 4178 1065 4212 on
1099 4163 1248 4213 Rom.
1280 4162 1313 4212 i.
1358 4178 1403 4220 α,
1437 4175 1465 4224 3

309 4245 408 4309 (ap.
450 4246 571 4294 Fac.
608 4246 677 4296 iii.
716 4243 790 4305 6):
835 4249 1041 4310 “neque
1078 4245 1213 4295 enim
1248 4244 1467 4294 litteram

308 4327 388 4376 uel
418 4327 753 4377 characterem
786 4335 1013 4377 sanetum
1048 4327 1249 4377 uolebat
1283 4326 1465 4384 dicere,

308 4410 395 4460 sed
418 4411 735 4476 prophetiam
766 4413 945 4477 ipsam,
972 4427 1101 4478 quae
1134 4419 1239 4462 erat
1274 4410 1467 4475 Spiritu

1567 3184 1808 3234 diuinitus
1831 3185 2072 3249 inspirata
2091 3183 2228 3233 utilis
2249 3183 2359 3233 est.’
2372 3183 2404 3206 ’⁹

1639 3279 1712 3326 13.
1757 3272 1854 3327 per
1855 3263 2014 3328 fidem
2032 3263 2146 3312 Iesu
2168 3262 2388 3323 Cltrzlrti]
2433 3262 2558 3313 This
2581 3263 2728 3320 looks

1567 3360 1623 3394 as
1666 3345 1712 3394 if
1749 3346 1845 3395 Th.
1891 3345 1992 3394 had
2037 3345 2155 3394 rmd
2202 3343 2278 3393 διὰ
2318 3346 2526 3394 πίστεως
2562 3343 2728 3406 Ἰησοῦ

1568 3427 1799 3490 Χριστοῦ.
1867 3427 1980 3477 The
2013 3427 2165 3477 Latin
2199 3427 2422 3477 versions
2455 3428 2557 3477 and
2590 3444 2725 3477 com-

1565 3515 1841 3558 mentators
1877 3508 2145 3572 uniformly
2178 3508 2320 3573 give:
2363 3513 2394 3536 “
2411 3508 2562 3557 fidem
2597 3523 2726 3574 quae

1565 3595 1642 3638 est
1667 3589 1718 3638 in
1742 3589 1942 3638 Christo
1968 3587 2139 3638 Iesu-’⁹

1638 3686 1714 3733 14.
1772 3687 1892 3720 nam
1922 3677 1968 3719 et
1991 3670 2208 3730 ostendit,
2236 3670 2352 3732 δια]
2418 3673 2431 3698 ‘
2450 3669 2494 3719 F
2495 3686 2586 3720 our
2619 3685 2722 3721 rm·

1564 3768 1683 3801 sons
1705 3751 1782 3802 for
1802 3751 2122 3801 stedfastness
2146 3767 2230 3801 are
2262 3751 2519 3816 conveyed
2553 3752 2605 3800 in
2638 3752 2724 3802 the

1564 3834 1768 3898 phrases
1801 3831 1934 3896 παρὰ
1964 3835 2106 3890 τίνος,
2141 3829 2242 3882 ἀπὸ
2273 3833 2496 3896 βρέφους,
2533 3831 2594 3883 τὰ
2625 3832 2726 3896 ἱερὰ

1562 3912 1849 3976 γράμματα,
1905 3915 1976 3964 εἰς
2042 3913 2293 3974 σωτηρίαν,
2358 3913 2721 3980 respectively.’

1564 3996 1707 4055 Oec.‚
1746 3995 1962 4060 Thpht„
1997 3996 2164 4045 notice
2203 3993 2289 4044 the
2323 3995 2427 4044 first
2465 4003 2598 4046 two:
2640 3996 2722 4047 δύο

1564 4079 1723 4129 αἰτίας
1765 4080 1904 4140 λέγει
1944 4077 2035 4127 τοῦ
2078 4079 2151 4127 δεῖ
2186 4074 2330 4126 αὑτὸν
2371 4075 2724 4142 ἀπερίτρεπτον

1560 4162 1735 4220 μένειν·
1786 4165 1800 4188 ‘
1816 4162 1893 4210 ὅτι
1929 4177 1986 4209 τε
2021 4158 2075 4209 οὗ
2111 4159 2244 4223 παρά
2283 4158 2512 4222 τυχόντος
2549 4163 2721 4221 ἔμαθες

1563 4244 1769 4304 (φησὶν),
1819 4239 1949 4291 ἀλλὰ
1989 4241 2123 4305 παρὰ
2159 4243 2504 4292 Παύλου...καὶ
2548 4243 2625 4292 ἅτε
2668 4241 2724 4293 οὐ

1560 4327 1679 4387 χθὲς
1721 4327 1802 4375 καὶ
1845 4323 2011 4398 xpc-531⁹
2051 4325 2236 4385 ἔμαθες,
2289 4323 2420 4374 ἀλλὰ
2465 4322 2574 4378 ἀπὸ·
2611 4327 2720 4390 βρέ-

1561 4407 1713 4470 φους.’

2618 323 2736 371 221
2791 326 2798 333 ’

2775 1651 2854 1699 10
