3250 5025
304 402 393 469 11.
425 403 516 489 6.]
849 416 934 467 IN
981 416 1086 469 ΕΡ.
1133 415 1236 467 AD
1283 412 2027 467 THESSALONICENSES
2075 414 2149 466 11.
2650 418 2679 485 5
2691 417 2725 483 3

300 584 683 666 apostolum
743 594 808 648 et
856 604 1024 647 nunc
1078 583 1256 666 quod
1298 583 1540 647 detinet
1553 606 1578 662 ;
1652 604 1734 649 eo
1782 586 1963 668 quod
2028 590 2225 650 ‘tunc
2285 585 2555 671 (inquit)
2618 586 2729 653 ille

299 685 649 762 uidebitur,
681 684 867 749 atubi
901 684 1189 770 Spiritus
1227 688 1484 769 gratiae
1513 687 1600 751 ad
1633 686 1905 770 plenum
1939 688 2284 765 destiterit,
2316 699 2385 754 et
2414 690 2727 772 perficere

301 788 790 873 inoperationes
838 790 907 853 in
952 800 1186 873 aperto
1239 786 1562 854 cessabit?
1652 791 1773 855 sed
1827 786 2010 873 †hoc
2062 791 2224 854 mihi
2275 812 2409 856 non
2462 793 2730 857 uidetur

299 910 446 954 esse
473 900 634 975 apte
663 893 937 969 dictum,
969 912 1048 955 eo
1081 891 1262 975 quod
1295 900 1361 955 et
1393 901 1821 957 cessauerunt
1852 914 1942 957 ex
1985 894 2199 958 multo
2241 895 2375 959 iam
2421 904 2727 979 tempore

299 997 794 1080 inoperationes
825 996 1128 1081 Spiritus,
1218 997 1274 1059 si
1307 1017 1466 1059 uero
1497 997 1647 1080 quis
1680 997 1966 1061 uoluerit
1996 999 2215 1063 dicere
2246 1020 2382 1063 non
2414 1020 2725 1079 cessasse,
2799 1018 2832 1086 ς

301 1124 384 1166 eo
415 1103 595 1186 quod
636 1109 706 1166 et
742 1101 829 1164 ab
871 1100 1202 1183 aliquibus
1240 1099 1461 1164 adhuc
1500 1120 1621 1184 per
1662 1102 2034 1164 orationem
2078 1102 2243 1166 fiant
2284 1102 2525 1185 aliqua,
2568 1104 2724 1169 licet

301 1205 356 1267 si
388 1213 457 1268 et
487 1224 672 1282 rare3
716 1204 1084 1268 secundum
1126 1202 1328 1285 igitur
1372 1201 1549 1265 hunc
1581 1201 1861 1265 modum
1905 1222 2123 1286 neque
2168 1223 2426 1267 cessare
2465 1205 2721 1282 adsero,

301 1327 384 1371 eo
435 1307 617 1391 quod
671 1328 891 1391 neque
943 1306 1229 1370 deficere
1275 1306 1361 1369 ad
1417 1304 1694 1388 plenum
1750 1306 1963 1369 sancti
2018 1326 2341 1390 umquam
2391 1315 2723 1390 poterunt.

300 1422 494 1477 erunt
546 1414 724 1476 enim
771 1420 841 1477 et
885 1420 1046 1474 tunc
1091 1411 1204 1493 qui
1259 1409 1811 1492 nonsuscipient
1856 1410 1999 1473 eius
2043 1410 2439 1487 doctrinam,
2490 1413 2605 1495 qui
2654 1425 2723 1479 et

299 1515 459 1581 clari
512 1524 704 1580 erunt
763 1514 1335 1596 contemplatione
1388 1512 1659 1595 pietatis
1704 1514 2125 1578 decertantes
2174 1514 2497 1581 aduersus
2549 1540 2720 1585 eum.
2758 1543 2835 1591 10

432 1694 506 1760 ov’
563 1692 841 1762 πιθανὸν
899 1694 1121 1777 ἔμοιγε
1179 1692 1484 1781 φαίνεται
1544 1695 1758 1773 τοῦτο,
1820 1693 1965 1759 ἐπεὶ
2024 1691 2137 1759 καὶ
2202 1693 2577 1762 ἐπαύσαντο
2652 1696 2725 1761 ἐκ

305 1796 610 1869 πλείονος
643 1796 764 1878 ἤδη
804 1800 922 1863 τοῦ
949 1797 1192 1887 χρόνον
1240 1794 1341 1882 [αἱ
1378 1798 1497 1863 τοῦ
1523 1794 1894 1878 πνεύματος
1934 1796 2291 1883 ἐνεργεῖαι]
2382 1800 2441 1867 εἰ
2470 1799 2596 1887 ’γάρ
2624 1826 2723 1870 τις

299 1898 392 1983 μὴ
424 1899 817 1968 πεπαῦσθαι
835 1899 1156 1981 βούλοιτο
1177 1900 1398 1986 λέγειν
1420 1898 1531 1965 διὰ
1549 1899 1624 1967 τὸ
1647 1900 1829 1985 παρά,
1856 1926 2054 1966 τινων
2088 1900 2310 1987 [κατὰ]
2336 1900 2725 1991 προσευχὴν

300 2006 603 2091 *γίνεσθαι
633 2005 807 2073 κατὰ
842 2004 919 2071 τὸ
960 2005 1247 2071 σπάνιον
1292 2002 1448 2084 ἔνια,
1493 2003 1640 2070 ον’δὲ
1683 2004 2105 2085 παυθήσεται
2145 2004 2322 2071 κατά,
2362 2033 2441 2091 *γε
2489 2013 2723 2075 τοῦτον

303 2108 418 2176 τὸν
460 2108 722 2197 τρόπον,
783 2108 926 2175 ἐπεὶ
981 2106 1146 2192 μηδὲ
1209 2104 1581 2173 ἐπιλείπειν
1640 2106 1861 2187 πάντη
1921 2104 2070 2177 τοὺς
2127 2105 2350 2189 ἁγίους
2424 2108 2560 2176 οἷόν
2633 2137 2724 2191 τε,
2758 2131 2830 2200 15

301 2212 623 2294 ἐσομένων
668 2212 781 2278 καὶ
829 2210 977 2279 τότε
1024 2215 1153 2279 τῶν
1201 2210 1274 2278 οὐ
1321 2209 1771 2298 προσιεμένων
1810 2208 1931 2291 τὴν
1976 2210 2220 2278 ἐκείνου
2266 2210 2722 2295 διδασκαλίαν,

303 2316 374 2383 οἳ
433 2316 546 2383 καὶ
593 2315 1099 2405 διαλάμψουσιν
1147 2318 1217 2383 ἐν
1268 2320 1408 2386 τοῖς
1453 2314 1620 2405 ὑπὲρ
1670 2315 2013 2397 εὐσεβείας
2058 2316 2331 2401 ἀγῶσιν.
2420 2318 2600 2402 λε’*γει
2652 2320 2723 2387 δὲ

403 2506 432 2541 2
477 2488 630 2540 adubi
659 2486 729 2540 C*
796 2487 884 2538 ubi
912 2487 955 2538 C
975 2485 1123 2552 (corr)
1365 2506 1398 2550 4
1445 2491 1495 2537 et
1517 2500 1595 2534 om
1625 2484 1668 2536 C
1690 2482 1836 2550 (corr)

303 2587 332 2638 7
369 2573 454 2623 fiet
479 2575 590 2638 (fhr
609 2574 652 2623 si
673 2571 742 2637 et)
773 2573 819 2622 C
843 2570 853 2638 Ι
878 2589 991 2622 raro
1019 2574 1062 2622 C
1083 2571 1227 2637 (corr)
1258 2569 1268 2637 Ι
1295 2588 1392 2622 sec.
1417 2571 1551 2621 hune
1575 2571 1725 2635 igitur
1752 2571 1794 2619 C

303 2657 364 2704 H
397 2652 542 2718 (corr)
794 2668 826 2719 9
860 2660 1000 2702 erant
1040 2651 1111 2702 C*
1347 2667 1406 2700 10
1439 2651 1739 2702 decertantis
1778 2649 1850 2700 C*

304 2736 409 2798 [Cr.
447 2736 514 2784 vi.
551 2736 716 2799 388-9,
755 2735 840 2785 Fr.
887 2734 1055 2797 147·8]
1088 2731 1362 2796 σευηριανός
1397 2733 1450 2784 δὲ
1477 2732 1534 2783 τὸ
1566 2734 1777 2794 κατέχον
1818 2733 1967 2794 φησὶν
2002 2734 2093 2792 τὴν
2136 2731 2225 2782 τοῦ
2268 2733 2409 2794 ἁγίου
2452 2737 2726 2794 πνεύματος

303 2817 464 2878 χάριν.
549 2814 775 2878 θεόδωρος
821 2817 873 2864 δὲ
919 2815 1088 2874 ὁμοίως
1129 2815 1200 2874 τῷ
1237 2815 1459 2876 μακαρίῳ
1501 2811 1673 2875 ίωάννῃ
1715 2815 1899 2872 ταύτην
1944 2813 1999 2861 οὐ
2042 2815 2293 2876 προσίεται
2336 2815 2429 2874 τὴν
2473 2815 2725 2877 ἐξήγησιν,

307 2898 522 2960 φάσκων·
548 2897 603 2949 οὗ
625 2894 846 2956 πιθανόν,
872 2901 1017 2948 κ.τ.λ.
1163 2912 1220 2947 12
1257 2899 1308 2944 al
1328 2915 1372 2946 τ.
1397 2914 1478 2945 mv.
1503 2897 1552 2944 ἐν
1573 2911 1675 2945 om.
1704 2895 1816 2944 cod.
1846 2895 1959 2943 edd.
2099 2910 2155 2958 13
2191 2895 2319 2944 κατὰ
2340 2911 2439 2945 om.
2468 2897 2578 2946 cod.
2604 2897 2721 2947 edd.

2080 2499 2107 2550 5
2142 2486 2183 2536 si
2208 2486 2319 2552 quis
2341 2502 2461 2538 uero
2484 2488 2644 2540 uoluit
2666 2491 2735 2541 H

2010 2572 2041 2621 8
2076 2571 2328 2636 potuerint
2351 2569 2438 2621 H*
2505 2573 2726 2638 poterint

2086 2667 2139 2701 11
2180 2653 2335 2702 Coisl.
2368 2669 2481 2715 204,
2513 2653 2547 2702 f.
2586 2657 2673 2704 182
2694 2671 2725 2704 a

307 3048 394 3099 the
430 3047 569 3099 mind
605 3045 665 3097 of
696 3046 855 3096 either
877 3046 1032 3096 Thdt.
1062 3061 1118 3095 or
1141 3045 1240 3095 Th.
1309 3045 1464 3093 Later

306 3136 708 3190 commentators,
749 3128 874 3179 both
905 3129 1005 3178 Gk.
1041 3129 1142 3177 and
1183 3127 1351 3185 Latin,
1388 3141 1463 3175 re-

306 3211 486 3262 turned
521 3217 574 3260 to
606 3210 692 3260 the
725 3209 925 3259 ancient
947 3207 1329 3273 interpretation
1351 3222 1460 3272 pre-

307 3290 467 3340 ferred
491 3290 560 3353 by
583 3289 625 3338 C
633 3288 929 3352 hrysostom.

378 3384 422 3418 1.
486 3375 534 3417 ct
546 3383 684 3417 nunc
699 3367 832 3431 quod
840 3365 914 3427 d.]
949 3364 1061 3414 The
1078 3363 1242 3413 words
1259 3370 1306 3413 et
1326 3379 1464 3412 nunc

305 3451 424 3502 here
455 3449 554 3498 and
585 3463 725 3498 nunc
754 3446 826 3510 (p.
853 3461 932 3508 54,
954 3445 1010 3494 11.
1043 3459 1085 3503 1,
1110 3444 1158 3506 4)
1191 3458 1378 3508 appear
1407 3453 1460 3491 to

304 3533 433 3582 have
455 3532 584 3581 been
612 3530 830 3580 inserted
859 3529 928 3591 by
950 3527 1035 3577 the
1066 3526 1358 3586 translator3
1392 3525 1453 3576 cf.

307 3619 394 3667 the
416 3617 539 3673 Gk„
564 3633 614 3680 p.
644 3629 724 3678 54,
749 3613 804 3663 11.
835 3627 912 3675 15,
945 3614 1020 3662 18.

369 3719 419 3764 4.
485 3714 598 3748 cess.
641 3713 703 3746 ex
746 3695 901 3744 multo
944 3695 1046 3743 iam
1079 3701 1299 3758 tempore,
1346 3691 1458 3752 δια]

307 3783 518 3846 Chrys.:
575 3781 655 3829 καὶ
709 3779 809 3840 ’γὰρ
853 3776 1009 3825 πάλαι
1060 3773 1345 3823 ἐκλέλοιπεν
1394 3775 1460 3822 τὰ

305 3864 592 3926 χαρίσματα
618 3859 720 3924 (see
741 3860 836 3909 last
859 3858 1014 3918 note).
1056 3857 1158 3906 For
1181 3856 1267 3907 the
1288 3857 1463 3906 earlier

305 3946 544 3996 evidence
595 3960 662 3992 on
707 3943 806 3991 this
845 3941 1038 4004 subject
1082 3939 1145 3988 cf.
1179 3939 1344 4004 Justin
1385 3941 1459 3988 M.

302 4027 432 4091 apol.
484 4024 537 4074 ii.
589 4023 636 4084 6,
702 4023 884 4086 Tryph.
935 4037 1030 4086 393
1101 4021 1228 4070 Iren.
1293 4021 1343 4068 ii.
1398 4031 1454 4083 3¹

305 4103 417 4169 ἔα,
457 4122 514 4170 32
563 4107 688 4167 ἐμ
737 4105 876 4152 Tert.
917 4103 1040 4167 apol.
1085 4117 1176 4165 373
1232 4101 1373 4165 orig.
1419 4117 1458 4149 c.

309 4191 430 4241 Cels.
459 4190 488 4239 i.
523 4207 568 4249 2,
597 4187 690 4249 463
727 4189 847 4237 Eus.
877 4187 1028 4235 H-E.
1057 4185 1120 4234 vi.
1152 4202 1196 4252 9.
1257 4185 1463 4248 Among

303 4275 390 4325 the
445 4273 542 4323 few
589 4271 818 4321 miracles
867 4270 1096 4332 wrought
1151 4268 1328 4318 within
1382 4268 1460 4318 his

303 4373 419 4408 own
462 4371 688 4418 memory
723 4361 818 4418 per
853 4352 1140 4411 oratzbncm,
1191 4351 1463 4400 Theodore

300 4452 420 4501 may
467 4437 598 4485 have
651 4433 888 4484 included
932 4433 1074 4481 those
1127 4430 1352 4480 ascribed
1409 4437 1462 4480 to

305 4522 357 4572 S.
389 4517 650 4570 Marathas
683 4517 742 4567 of
776 4515 979 4580 Tagrit3
1013 4515 1076 4564 cf.
1116 4513 1257 4564 Socr.
1293 4512 1375 4563 vii.
1403 4515 1458 4562 8:

1562 3043 1747 3102 ταύτην
1792 3041 1905 3103 [τήν
1966 3044 2330 3108 κεφαλαλγίαν]
2380 3042 2407 3094 ὁ
2462 3045 2725 3110 Μαρουθὰἶς

1564 3124 1767 3185 εὐχαῖς
1792 3121 2133 3187 ἐθεράπευσεν·
2169 3127 2339 3192 infra:
2371 3127 2573 3187 δαίμονα
2596 3127 2723 3190 αἰπή-

1563 3209 1733 3256 λασαν
1778 3207 2021 3266 νηστείαις
2068 3209 2149 3256 καὶ
2197 3210 2493 3270 προσευχαῖς
2535 3211 2721 3270 σχολά-

1563 3304 1760 3336 σαντες.
1830 3287 2013 3352 Comp.
2054 3288 2139 3339 the
2188 3295 2572 3354 contemporary
2627 3299 2722 3341 toe-

1563 3371 1759 3433 timony
1772 3368 1831 3418 of
1848 3369 1901 3418 S.
1928 3370 2210 3434 Augustine
2232 3370 2307 3434 (de
2324 3372 2456 3422 cluit.
2479 3374 2584 3421 Dei
2602 3373 2719 3424 xxii.

1565 3454 1639 3513 8):
1682 3452 1887 3500 “etiam
1920 3466 2053 3501 nunc
2090 3451 2217 3501 fiunt
2250 3453 2491 3502 miracula
2525 3454 2579 3502 in
2614 3455 2721 3504 eius

1558 3532 1652 3593 [sc.
1683 3531 1893 3592 Christi]
1918 3532 2138 3590 nomine,
2162 3532 2268 3582 siue
2298 3549 2389 3596 per
2411 3542 2723 3584 sacramenta

1561 3613 1684 3672 eiuS,
1712 3613 1817 3662 siue
1853 3629 1965 3677 per
1998 3611 2369 3662 orationes.'’

1629 3696 1867 3744 Rabanus
1888 3693 1987 3758 (see
2001 3711 2083 3743 vv.
2097 3695 2177 3755 11.)
2200 3695 2351 3745 omits
2366 3695 2465 3745 this
2488 3711 2715 3761 passage,

1563 3776 1809 3842 probably
1836 3775 1912 3825 sor
1945 3777 2031 3826 the
2065 3791 2239 3825 reason
2277 3777 2485 3841 pointed
2521 3785 2609 3827 out
2652 3778 2723 3843 by

1564 3859 1643 3907 Dr
1668 3857 1872 3922 Jacobi:
1913 3857 2091 3922 “quae
2123 3858 2277 3907 uerba
2302 3859 2384 3918 R„
2414 3859 2553 3908 cuius
2584 3869 2723 3910 aetas

1563 3948 1613 3990 et
1651 3940 1944 3990 credulitate
1982 3948 2030 3989 et
2068 3940 2195 3990 fictis
2238 3941 2489 3992 miraculis
2532 3943 2721 4004 horret,

1561 4021 1781 4086 recipere
1803 4037 1949 4071 ausus
1971 4037 2073 4071 non
2096 4029 2185 4082 est.
2202 4021 2233 4044 ”

1629 4103 1677 4155 6.
1744 4105 1851 4153 licet
1866 4105 1934 4165 st]
2002 4104 2081 4154 Cf.
2110 4117 2147 4155 1..
2170 4122 2216 4170 p.
2244 4121 2357 4164 τοι,
2380 4107 2415 4156 1.
2446 4109 2521 4170 18,
2548 4118 2682 4159 note.

1634 4201 1711 4236 10.
1777 4189 2177 4252 contemplatione
2225 4191 2443 4254 pietalis]
2521 4193 2601 4242 To
2656 4195 2721 4243 be

1563 4267 1841 4316 connected
1874 4269 1995 4317 with
2034 4269 2337 4331 decertantes,
2387 4289 2443 4320 as
2483 4273 2569 4322 the
2612 4274 2714 4324 Gk.

1563 4351 1725 4400 shews
1739 4355 1823 4387 -“
1836 4352 1950 4401 who
1972 4353 2079 4402 also
2098 4354 2225 4403 shall
2243 4355 2541 4419 distinguish
2560 4356 2719 4406 them-

1562 4432 1723 4482 selves
1744 4433 1797 4482 in
1816 4433 1901 4482 the
1924 4437 2141 4502 struggle
2160 4437 2236 4486 for
2252 4437 2337 4488 the
2356 4437 2506 4488 Faith
2524 4439 2719 4503 against

1562 4513 1649 4565 the
1673 4514 2005 4566 Antichrist.'’
