3250 5025
522 351 606 435 36
1191 364 1645 416 THEODORUS
1694 363 2282 415 MOPSUESTENUS

2700 348 2943 433 [V-14

653 538 920 622 ‘itaque
959 538 1109 602 illos
1155 538 1271 622 qui
1318 538 1665 602 doctrinae
1701 537 2073 601 iniunctum
2120 558 2290 620 opus
2334 534 2582 599 habere
2634 533 2949 599 uidentur

521 640 808 724 plurimo
852 642 1104 706 honore
1148 642 1388 726 dignos
1428 642 1831 717 existimate,
1866 661 2001 704 non
2046 641 2443 705 resultantes
2489 641 2636 719 illis,
2670 642 2945 726 quando

521 763 642 805 uos
695 744 1019 827 corrigere
1077 742 1390 826 cupiunt.’
1478 744 1606 806 hoc
1667 744 1847 806 enim
1896 742 2099 807 dicit:
2157 755 2381 826 pacem
2429 743 2648 807 habete
2699 744 2769 807 in
2828 764 2944 807 eos.

522 862 680 906 nam
725 853 793 908 et
839 844 976 909 fieri
1022 846 1148 909 hoc
1193 844 1453 909 solebat
1493 845 1581 908 ab
1614 845 1747 908 illis
1785 845 1899 928 qui
1941 843 2438 927 indisciplinate
2482 846 2817 921 uiuebant,
2852 845 2941 907 ad

456 976 488 1043 5
523 971 690 1033 quos
730 951 1020 1015 scribens
1068 951 1137 1015 in
1182 950 1629 1034 superioribus
1674 948 1940 1013 uidetur
1986 949 2477 1012 contumaciam
2532 968 2761 1011 eorum
2811 948 2945 1029 sig-

525 1075 733 1133 nasse,
788 1056 1105 1139 quoniam
1153 1056 1316 1119 dum
1358 1053 1823 1136 delinquentes
1862 1051 2191 1134 corrigere
2231 1052 2593 1134 cupiebant
2634 1052 2945 1114 doctores

523 1159 638 1240 qui
700 1157 814 1222 illa
873 1158 1209 1223 faciebant
1269 1178 1444 1240 quae
1513 1176 1649 1220 non
1710 1155 2215 1232 conueniebant‚
2276 1156 2481 1219 etiam
2549 1157 2811 1239 grauari
2872 1177 2946 1220 se

421 1545 500 1593 10

524 1266 872 1328 doctorum
935 1264 1308 1347 arguitione
1361 1260 1859 1325 existimabant.

1950 1260 2175 1341 sicque
2235 1259 2324 1323 ad
2385 1259 2535 1324 illos
2594 1261 2947 1344 disputans

526 1368 725 1431 uertit
756 1386 950 1430 suurn
981 1385 1356 1430 sermonem
1389 1365 1473 1428 ad
1507 1365 1834 1439 doctoreS,
1868 1363 2137 1427 dicens:

655 1518 1052 1583 obsecramus
1088 1539 1203 1582 uos
1239 1526 1472 1592 autem,
1505 1514 1788 1597 fratres,
1823 1514 2131 1580 instruite
2176 1510 2707 1600 indisciplinalos,
2739 1540 2948 1583 conso-

523 1625 767 1690 lamini
777 1625 1246 1708 pusillanimes,
1277 1621 1581 1685 sustinete
1609 1620 1919 1704 infirmos,
1938 1620 2261 1702 patientes
2276 1633 2480 1691 ,estote
2504 1624 2602 1687 ad
2623 1645 2853 1689 omnes.

657 1760 1096 1825 necessarium
1150 1758 1328 1822 enim
1375 1765 1516 1820 erat
1565 1764 1632 1819 et
1667 1754 1791 1817 hos
1840 1752 2179 1819 exhortari
2228 1763 2302 1818 ut
2347 1774 2481 1818 non
2525 1756 2945 1820 discederent

527 1860 616 1925 ab
660 1882 863 1943 opere
903 1869 1176 1945 propter
1224 1857 1645 1942 quorundam
1692 1857 2200 1920 contumaciam.

629 2053 658 2088 α
692 2039 956 2089 aestimate
999 2055 1034 2087 r

527 2200 615 2265 qui
639 2200 922 2265 (bqfetiam)
945 2201 1049 2249 add
1071 2200 1113 2249 C
1119 2200 1147 2225 ⁴*
1169 2216 1202 2248 r

529 2280 719 2346 dicens)
738 2298 788 2337 r,
903 2297 963 2333 10
983 2290 1152 2332 autem
1174 2298 1266 2333 uos
1286 2297 1318 2330 r

529 2422 733 2488 ἡγεῖσθε
785 2428 888 2477 and
942 2428 1246 2478 overlooked
1303 2427 1400 2477 καί.
1502 2424 1683 2487 Comp.

531 2508 728 2560 Tisch.⁸
758 2512 832 2560 ad
857 2510 893 2562 l.
964 2513 1032 2560 In
1061 2526 1134 2560 eos
1173 2513 1241 2572 (ἐν
1279 2507 1472 2568 αὐτοῖς),
1511 2504 1689 2570 vulg„

537 2591 574 2620 ‘⁸
589 2607 702 2640 cum
727 2591 852 2640 eis.‘’
921 2591 1016 2640 See
1042 2592 1126 2641 the
1147 2599 1266 2640 next
1289 2597 1405 2639 note
1429 2591 1518 2638 but
1541 2603 1655 2638 one.

1322 2057 1353 2100 4
1387 2034 1481 2086 etsi
1527 2032 1643 2097 (χόν
1674 2031 1743 2095 et)
1771 2034 1837 2083 H
1858 2030 1866 2095 Ι
1892 2033 2087 2083 solebat
2117 2034 2170 2086 h.
2204 2051 2239 2083 r

527 2117 560 2168 6
593 2136 680 2169 eos
704 2121 803 2186 (ast
821 2120 947 2181 del.)
971 2120 1077 2169 add
1089 2120 1157 2169 H
1178 2115 1187 2180 Ι
1214 2118 1443 2167 doctores
1472 2131 1558 2165 eos
1587 2115 1631 2163 C
1634 2113 1735 2163 *H
1790 2115 2023 2165 docturus
2056 2131 2142 2165 eos
2176 2130 2209 2163 r

1328 2198 1358 2247 8
1381 2195 1711 2261 arguitionem
1742 2194 1785 2242 C
1791 2192 1818 2218 *
1839 2209 1871 2242 r

1452 2294 1509 2330 12
1534 2276 1684 2337 enim,
1708 2283 1759 2325 et
1780 2292 1857 2326 om
1882 2292 1914 2325 r
1936 2274 1946 2343 Ι
1977 2277 2275 2329 discederint
2298 2276 2378 2328 C*

2294 1858 2521 1920 omnia
2584 1878 2744 1923 uero
2790 1878 2947 1922 con-

2528 2048 2555 2098 5
2590 2033 2893 2098 significasse
2926 2034 2951 2081 l

2383 2126 2410 2178 7
2444 2116 2773 2165 conueniebat
2800 2114 2877 2164 C*
2910 2112 2919 2179 Ι

1997 2209 2029 2259 9
2062 2194 2131 2244 ad
2152 2196 2383 2245 doctores
2406 2211 2483 2245 om
2505 2195 2573 2243 H
2593 2192 2601 2258 Ι
2628 2195 2813 2244 docens
2838 2192 2951 2257 (for

2516 2294 2573 2343 13
2595 2278 2868 2327 corundam
2890 2278 2960 2326 H

1785 2428 1875 2471 not
1913 2419 2245 2487 (apparently)
2284 2422 2439 2473 Thdt.
2472 2421 2739 2471 Primasius
2768 2420 2949 2471 echoes

1788 2502 1979 2568 Chrys..
2015 2504 2136 2565 (and
2183 2501 2352 2568 Th.?)=
2418 2508 2449 2532 ‘⁴
2468 2504 2566 2553 hoc
2607 2502 2949 2554 sacerdotibus

1786 2587 2107 2651 praecipit
2132 2603 2265 2636 nunc
2322 2586 2625 2652 praepositis
2710 2585 2948 2650 loquitur,

601 2686 646 2720 2.
701 2672 933 2736 plurimo
985 2670 1470 2736 honore...sz]gnasse]
1537 2668 1689 2718 Cited
1784 2669 2039 2733 hucusque
2066 2669 2215 2733 plebi.
2228 2667 2257 2691 ''

531 2753 600 2816 by
625 2754 890 2803 Lanfranc.
958 2755 1054 2804 See
1077 2772 1158 2804 vv.
1176 2755 1231 2804 ll.

601 2853 702 2884 non
735 2838 1025 2886 resullames
1057 2837 1177 2898 illis,
1221 2837 1336 2898 ἂι]
1384 2835 1575 2886 Thdt.:
1622 2833 1687 2882 δί-

535 2933 669 2965 καιον
760 2920 829 2976 μὴ
885 2915 1158 2980 ἀντιλέγειν
1211 2919 1311 2968 τοῖς
1357 2915 1472 2980 παρ’
1531 2913 1689 2964 αὐτῶν

535 2999 830 3058 λεγομένοις·
886 3003 1029 3049 τοῦτο
1082 3002 1182 3062 γὰρ
1224 3001 1377 3061 λέγει·
1427 3000 1693 3058 εἰρηνεύετε

535 3079 587 3128 ἐν
610 3077 787 3130 αὐτοῖς.
857 3083 928 3132 So
963 3082 1260 3146 apparently
1295 3081 1364 3130 all
1397 3081 1484 3130 the
1523 3079 1693 3132 Greek

535 3169 936 3222 commentatos,
974 3164 1140 3212 unless
1173 3163 1323 3212 Dam.
1348 3163 1390 3211 is
1423 3169 1476 3212 to
1511 3162 1574 3210 be
1610 3177 1693 3210 ex·

535 3242 741 3305 cepted;
787 3242 888 3290 and
932 3257 989 3292 so
1027 3257 1214 3306 among
1241 3243 1325 3292 the
1371 3242 1546 3291 Latius
1589 3241 1695 3289 Pri-

537 3321 748 3370 masius:
790 3323 903 3371 “ne
925 3339 1038 3372 cum
1076 3339 1169 3387 pro
1203 3323 1372 3387 aliqua
1405 3337 1556 3373 causa
1589 3337 1694 3372 cor-

537 3403 814 3467 riperentur
827 3421 858 3454 a
875 3405 1231 3461 sacerdotibus,
1245 3404 1432 3453 inimici
1451 3413 1500 3453 et
1515 3403 1695 3467 ingrati

537 3490 803 3538 existerent
819 3489 868 3547 ;'’
893 3489 992 3537 and
1012 3489 1269 3538 Sedulius:
1298 3486 1434 3537 “etsi
1451 3485 1697 3536 contraria

537 3568 714 3618 uestris
738 3570 959 3620 moribus
986 3567 1256 3619 dixerint.'’
1323 3568 1406 3617 On
1435 3567 1522 3616 the
1551 3565 1698 3614 other

537 3649 676 3698 hand
719 3649 986 3706 Ambrstr.,
1018 3649 1133 3698 who
1165 3648 1309 3697 reads
1344 3648 1525 3695 “inter
1556 3645 1695 3693 uos’'

541 3733 678 3794 (εέν
697 3730 916 3796 ἑαυτοῖς),
953 3731 1124 3780 thinks
1154 3731 1273 3794 only
1296 3729 1355 3778 os
1375 3730 1567 3780 mutual
1603 3728 1700 3776 sor-

537 3813 784 3864 bearance
818 3820 1049 3877 amongst
1089 3811 1173 3862 the
1204 3809 1433 3860 faithful:
1475 3811 1698 3874 “pacifi-

538 3909 625 3946 cos
654 3909 740 3942 eos
772 3908 879 3942 esse
902 3891 1176 3942 hortatur.”

607 3979 654 4025 8.
712 3975 1006 4040 argm'ttbne]
1031 3975 1132 4024 For
1148 3989 1260 4023 exx.
1279 3973 1339 4023 of
1350 3973 1448 4022 this
1465 3973 1590 4024 form
1614 3989 1697 4023 see

543 4059 764 4118 R6nsch,
813 4059 965 4116 Itala,
1007 4074 1058 4122 p.
1109 4071 1199 4120 70;
1263 4056 1504 4114 Paucker,
1539 4057 1695 4107 melct.

435 4207 440 4212 ,
541 4137 825 4197 lamala,
861 4153 913 4202 p.
949 4153 992 4200 7.

609 4235 656 4284 9.
693 4221 842 4268 uertit
867 4219 1283 4280 ..consummana
1314 4217 1464 4268 Cited
1483 4219 1550 4282 by
1567 4219 1697 4268 Lan-

541 4302 695 4352 franc.
786 4301 1038 4365 Similarly
1079 4301 1255 4364 Chrys.
1316 4302 1541 4362 (ἐνταῦθα
1580 4305 1700 4364 πρὸς

543 4386 651 4434 τοὺς
700 4382 938 4446 ἄρχοντας
986 4385 1304 4443 διαλέγεται),
1351 4383 1583 4433 followed
1633 4387 1699 4449 by

543 4469 668 4516 Oec.
703 4463 840 4530 (πρὸς
862 4467 969 4516 τοὺς
997 4466 1310 4514 διδασκάλους
1341 4462 1663 4529 ἀποτείνεται)
1687 4483 1700 4525 ;

1860 2767 1933 2800 10.
1975 2753 2212 2801 instruite
2228 2750 2644 2815 indisciplinatos]
2674 2749 2827 2816 Vulg.
2846 2751 2947 2800 and

1789 2833 1855 2883 0.
1890 2835 1968 2891 L.,
2000 2835 2281 2898 “corripite
2312 2835 2575 2899 inquietos.
2665 2831 2749 2882 On
2784 2832 2945 2882 indis-

1788 2914 1903 2980 czpl.
1929 2929 2013 2964 see
2046 2915 2228 2975 above,
2269 2932 2318 2981 p.
2350 2931 2425 2978 25.
2451 2915 2486 2964 1.
2519 2927 2595 2977 17,
2622 2924 2760 2966 note.
2826 2919 2947 2966 Sus·

1788 2999 1938 3047 tinetc
1952 3014 1977 3058 ,⁸
2011 2998 2183 3062 Vulg.,
2207 3001 2243 3026 “
2262 2997 2549 3063 suscipite.”

1861 3093 1933 3142 13.
1980 3080 2151 3128 omnia
2165 3096 2277 3129 uero
2297 3087 2649 3145 consequenter,
2670 3080 2785 3142 δὶα]
2815 3081 2949 3131 ‘The

1792 3163 2005 3228 Apostle
2044 3163 2143 3212 had
2187 3165 2389 3228 already
2417 3165 2551 3213 dealt
2591 3165 2643 3214 in
2682 3181 2713 3213 a
2744 3167 2947 3230 general

1790 3259 1904 3307 way
1936 3245 2058 3294 with
2088 3245 2176 3294 the
2212 3261 2351 3294 cases
2393 3245 2452 3294 of
2480 3244 2547 3308 (1)
2581 3245 2667 3295 the
2700 3246 2947 3303 indolem,

1796 3328 1866 3387 (α)
1904 3327 1988 3376 the
2026 3327 2376 3382 disconsolate,
2433 3324 2499 3391 (3)
2541 3326 2627 3376 the
2668 3327 2949 3376 licentioris-

1796 3409 1895 3458 His
1924 3417 2123 3472 present
2153 3409 2423 3457 directions
2468 3415 2524 3457 to
2564 3408 2650 3456 the
2685 3408 2952 3458 Thessalo-

1792 3491 1911 3541 nian
1940 3491 2108 3554 clergy
2126 3491 2251 3539 refer
2280 3489 2427 3553 again
2459 3497 2512 3537 to
2542 3489 2628 3538 the
2650 3503 2787 3538 same
2810 3491 2951 3539 three

1793 3572 1990 3630 classes,
2036 3572 2150 3620 who
2184 3587 2269 3620 are
2300 3571 2628 3634 respectively
2658 3570 2951 3633 designated

1795 3655 1840 3701 ol
1855 3654 2070 3708 ἄτακτοι,
2090 3655 2135 3700 οἱ
2148 3653 2459 3714 ὀλιγόψυχοι,
2477 3653 2521 3699 οἱ
2535 3648 2781 3700 ἀσθενεῖς)
2794 3651 2905 3700 Thd
2913 3665 2949 3701 t.

1794 3733 1991 3783 follows
2007 3733 2104 3782 this
2116 3733 2401 3797 exposition
2418 3733 2467 3781 in
2486 3739 2597 3796 part
2613 3751 2627 3782 ι
2661 3734 2769 3782 τοὺς
2782 3733 2894 3781 ‹iv-d
2903 3751 2951 3782 κ-

1794 3832 1927 3864 τους
1958 3816 2067 3864 τοὺς
2100 3811 2245 3877 ἀργίᾳ
2268 3813 2516 3878 συζῶντας
2550 3811 2699 3864 οὕτως
2720 3815 2954 3864 ἐκάλεσεν

1801 3895 2262 3960 ...ὀλιγοψύχους
2310 3898 2419 3946 τοὺς
2452 3897 2533 3945 ἐπὶ
2564 3899 2665 3946 τοῖς
2696 3899 2953 3946 τεθνεῶσιν

1795 3977 2007 4042 ἀμέτρως
2051 3977 2340 4039 ἀθυμοῦντας
2397 3975 2648 4040 ὠνόμασεν
2670 4008 2735 4016 -
2765 3981 2954 4045 adding

1794 4061 2027 4111 however
2065 4061 2209 4124 (after
2241 4059 2459 4124 Chrys),
2504 4059 2731 4111 ὡσαύτως
2780 4063 2831 4110 δὲ
2874 4063 2954 4110 καὶ

1793 4143 1903 4191 τοὺς
1940 4144 2009 4202 μὴ
2052 4139 2269 4204 ἀνδρείως
2313 4143 2548 4204 φέροντας
2586 4139 2681 4190 τῶν
2728 4143 2957 4191 ἐναντίων

1793 4225 1880 4274 τὰς
1920 4225 2227 4286 προσβολάς..
2303 4224 2378 4288 By
2435 4225 2549 4272 ‘the
2582 4224 2759 4274 weak'
2796 4224 2953 4273 Thdt.

1796 4303 2125 4352 understands
2156 4305 2267 4352 τοὺς
2309 4307 2377 4362 μὴ
2417 4304 2607 4365 ἑδραίαν
2644 4305 2957 4363 κεκτημένους

1796 4387 1978 4444 πίστιν,
2008 4385 2105 4433 and
2132 4401 2188 4434 so
2207 4392 2337 4434 most
2362 4385 2421 4434 of
2438 4385 2522 4435 the
2546 4392 2949 4444 commentatos,

1796 4465 2089 4530 comparing
2114 4467 2263 4514 Rom.
2290 4465 2388 4514 xiv.
2420 4481 2459 4516 1.
