3250 5025
292 360 324 424 Ι
335 360 386 425 Ι.
418 374 478 442 7,
509 360 592 446 8.]

843 374 926 425 IN
977 376 1079 427 ΕΡ.
1129 376 1232 426 AD
1279 368 2045 431 'THESSALONICENSES‘
2077 379 2150 430 11.
2638 378 2715 449 55

419 555 676 609 tantum
706 544 827 628 qui
851 556 1018 610 tenet
1043 568 1231 627 nunc,
1273 540 1629 631 usquedum
1658 548 1735 613 de
1766 548 1973 613 medio
1993 546 2201 634 fiat,·'
2228 560 2293 615 et
2328 538 2725 617 reuelabitur

288 648 398 714 ille
427 649 710 733 iniquus.

418 782 547 848 hoc
597 793 738 850 est:
785 783 1008 851 ‘atubi
1051 784 1354 851 definitio
1400 788 1532 851 Dei
1579 808 1760 872 quae
1803 788 1945 853 eius
1992 788 2307 874 prohibet'
2348 790 2715 857 aduentum
2776 824 2781 831 ·

286 890 589 967 cessabit,
622 898 782 953 tunc
813 890 1166 973 adparebit
1198 887 1345 953 ille.'
1433 888 1983 971 †intendendum
2030 915 2190 957 uero
2236 904 2338 959 est
2382 894 2477 958 illi
2506 876 2717 979 parti,

287 994 607 1077 quoniam
641 992 1156 1056 ‘reuelationem
1178 991 1193 1016 ¹
1233 992 1632 1057 Antichristi
1676 993 2287 1059 manifestationem
2320 996 2603 1073 uocauit,
2647 1005 2716 1061 et
2788 1010 2819 1079 5

287 1094 356 1156 in
401 1094 703 1175 superius
751 1095 1020 1158 dicens:
1077 1113 1228 1157 cum
1273 1093 1599 1157 reuelatus
1628 1094 1855 1176 fuerit
1880 1096 2083 1175 home,
2128 1106 2195 1161 et
2240 1095 2369 1162 hoc
2414 1099 2482 1162 in
2531 1097 2715 1163 loco:

288 1197 687 1263 reuelabitur
745 1198 1012 1281 iniquus
1027 1222 1058 1274 ‚·
1144 1218 1226 1262 eo
1300 1198 1481 1281 quod
1559 1197 1870 1263 diabolus
1944 1220 2210 1284 semper
2278 1202 2550 1285 quidem
2626 1202 2713 1265 ab

288 1307 585 1371 aduentu
619 1304 896 1368 Domini
930 1302 1294 1367 meditatur
1322 1300 1488 1366 illud
1520 1302 1739 1366 facere
1776 1302 1863 1366 ad
1888 1304 2321 1368 nociuitatem
2344 1304 2713 1381 hominum,

287 1418 357 1474 et
409 1409 641 1492 utique
689 1405 855 1470 illud
909 1406 1191 1483 fecisset,
1245 1404 1301 1469 si
1351 1425 1485 1470 non
1541 1406 1907 1470 secundum
1962 1407 2470 1473 inenarrabilem
2522 1430 2713 1473 suam

288 1510 779 1596 prouidentiam
825 1509 1264 1574 continuisset
1309 1529 1462 1572 eum
1512 1510 1715 1576 Deus,
1805 1512 2190 1594 operabitur
2235 1534 2393 1577 uero
2439 1523 2601 1579 tunc
2645 1497 2712 1580 et
2748 1528 2825 1577 10

288 1615 610 1698 perducet
655 1611 823 1676 illud
876 1613 944 1675 in
997 1620 1250 1694 apert0‚
1290 1612 1469 1695 quod
1523 1612 1783 1676 dudum
1829 1614 1955 1677 sibi
2002 1614 2369 1693 uidebatur,
2418 1636 2569 1679 cum
2618 1616 2715 1680 illi

287 1716 484 1782 fuerit
537 1736 926 1782 concessum
987 1736 1178 1779 suam
1241 1715 1663 1781 uoluntatem
1727 1718 1795 1781 in
1855 1739 2059 1802 opere
2134 1720 2558 1803 producere*
2646 1732 2715 1788 et

286 1818 648 1883 ostendens
677 1818 996 1903 quoniam
1030 1838 1154 1881 nec
1183 1816 1296 1881 ille
1324 1818 1469 1882 sine
1499 1839 1721 1903 poena
1752 1820 1895 1897 erit,
1925 1820 2165 1885 adicit:

415 1994 602 2057 quem
651 1972 955 2037 dominus
1012 1974 1196 2038 Iesus
1259 1972 1597 2058 interficiet
1646 1972 1886 2057 spiritu
1933 1974 2071 2039 oris
2132 1974 2274 2041 eius
2318 1986 2381 2040 et
2433 1976 2719 2041 destruet

293 2074 364 2139 in
393 2074 793 2159 apparitione
821 2076 1148 2140 aduentus
1178 2075 1304 2140 sui.

2746 2083 2817 2151 15

416 2290 819 2379 προσεκτέον
865 2287 966 2356 ὅτι
1016 2297 1032 2325 ‘
1051 2288 1491 2377 ἀποκάλυψιν
1510 2290 1525 2317 ’
1576 2294 1695 2356 τοῦ
1742 2288 2172 2379 ἀντιχρίστου
2224 2289 2541 2356 ἐκάλεσεν
2593 2288 2715 2366 τὴν

287 2394 680 2484 φανέρωσιν,
729 2393 796 2459 ἔν
844 2420 914 2459 τε
958 2398 1093 2464 τοῖς
1141 2391 1489 2479 ἅνωτέροις
1540 2394 1961 2481 ἇποκαλγφθῄ
2014 2396 2049 2460 ὁ
2102 2393 2440 2481 ἇκθρωποε
2486 2390 2711 2473 εἰπών,

285 2498 645 2578 κάνταῦθα,
687 2500 1264 2576 ἇποκαλγφθμίεετω
1308 2499 1344 2562 ὁ
1382 2498 1644 2564 ἄκομος·
1692 2494 1777 2568 ὥς
1818 2496 1900 2564 ἂν
1929 2500 2046 2564 τοῦ
2076 2494 2401 2580 διαβόλου
2430 2494 2714 2563 πάντοτε

284 2603 406 2687 μὲν
446 2602 579 2667 ἀπὸ
632 2606 746 2686 τῆς
797 2604 915 2666 τοῦ
957 2599 1183 2685 κυρίου
1227 2599 1593 2687 παρουσίας
1638 2603 2041 2685 μελετῶντος
2086 2599 2244 2666 αὗτὸ
2292 2599 2405 2666 ἐπὶ
2449 2601 2531 2683 τῇ
2582 2602 2713 2665 τῶν

287 2704 656 2790 ἀνθρώπων
685 2704 939 2790 βλάβῃ,
973 2704 1082 2769 καὶ
1111 2703 1234 2784 ἤδη
1263 2729 1338 2786 γε
1377 2701 1535 2768 αὐτὸ
1580 2702 1691 2770 καὶ
1733 2701 2133 2785 ποιήσαντος
2168 2702 2265 2782 ἄν,
2304 2702 2364 2769 εἰ
2407 2700 2498 2784 μὴ
2544 2699 2714 2768 κατὰ
2738 2715 2823 2764 20

285 2807 406 2890 τὴν
435 2806 812 2895 ἀπόρρητον
841 2806 1044 2873 αὐτοῦ
1084 2808 1347 2888 βουλὴν
1385 2811 1691 2895 κατεῖχεν
1734 2806 1932 2873 αὐτὸν
1976 2805 2011 2873 ὁ
2058 2806 2218 2876 θεός·
2267 2805 2712 2895 ἐργασομένου

285 2913 356 2980 δὲ
402 2911 553 2980 τότε
598 2912 711 2979 καὶ
759 2909 1068 2980 οἵσοντός·
1091 2936 1167 2994 *γε
1207 2910 1300 2983 εἷς
1341 2910 1621 2998 φανερὸν
1660 2908 1733 2976 τὸ
1774 2909 1995 2977 πάλαι
2044 2909 2270 2977 δοκοῦν
2314 2908 2503 2997 αὐτῷ,
2550 2907 2712 2976 ὅταν

285 3017 683 3107 συγχωρηθῇ
716 3016 833 3100 τὴν
861 3015 1101 3082 οἰκείαν
1129 3014 1391 3099 γνώμην
1421 3015 1731 3094 ἐκβαλεῖν
1760 3014 1849 3084 εἰς
1881 3014 2089 3103 ἔργον.

389 3203 406 3238 ι
446 3205 604 3255 usque
634 3203 767 3238 nunc
797 3187 1008 3237 dimidio
1046 3186 1190 3236 C'H
1258 3192 1427 3237 teneat
1460 3200 1618 3251 usque
1651 3185 1717 3235 de
1749 3184 1917 3235 medio
1955 3185 2001 3234 C
2032 3185 2183 3244 (corr)
2216 3198 2374 3250 usque
2410 3190 2529 3234 tunc
2564 3183 2711 3233 dimi-

285 3271 422 3321 dium
445 3287 478 3321 r

283 3374 362 3406 om
385 3373 416 3405 r

291 3453 349 3486 10
381 3435 502 3485 deus
525 3449 640 3484 eum
663 3451 695 3482 r

611 3369 638 3418 5
673 3369 776 3420 quo
806 3351 918 3418 (sor
936 3351 1195 3418 quoniam)
1225 3349 1296 3401 C*

926 3447 982 3496 13
1017 3431 1158 3481 addit
1182 3447 1214 3480 r

283 3519 582 3583 paritionem
617 3517 662 3566 C
724 3515 1055 3565 illustratione
1092 3530 1125 3563 r

282 3599 615 3664 ἐργασαμένου
639 3597 722 3648 Cr.

353 3763 398 3799 1.
464 3755 664 3798 tantum
687 3747 792 3812 qui,
811 3745 924 3808 δια]
959 3746 1027 3797 Ο.
1051 3745 1112 3796 L.
1136 3744 1239 3795 and
1255 3744 1440 3810 Vulg.:

289 3833 536 3883 “tantum
557 3837 612 3881 ut
635 3831 721 3896 qui
746 3838 882 3880 tenet
913 3845 1044 3880 nunc
1079 3837 1244 3879 teneat
1280 3829 1444 3879 donec

283 3917 350 3979 [“
365 3912 742 3981 quoadusque‚”
767 3913 1042 3976 Ambrstr.]
1057 3911 1175 3973 de‚”
1190 3913 1281 3964 διο.
1339 3913 1444 3962 For

283 3997 552 4063 usquedum
587 3997 649 4046 cf.
684 4009 722 4046 1.
754 4013 805 4062 p.
835 3995 916 4063 69,
953 3998 986 4046 l.
1024 3994 1097 4055 16,
1125 4003 1261 4045 note.
1329 3995 1442 4044 The

281 4081 522 4131 omission
546 4079 606 4128 of
618 4085 739 4128 tunc
755 4078 928 4128 before
950 4079 1250 4128 reuelabe’tur
1270 4077 1312 4126 is
1325 4093 1440 4142 pro-

281 4161 438 4226 bably
460 4159 756 4210 accidental.

348 4259 395 4306 3.
465 4242 553 4290 hoc
583 4240 822 4302 est...ille]
878 4241 1030 4290 Cited
1051 4241 1120 4305 by
1153 4237 1437 4299 Lanfranc3

281 4341 367 4375 see
391 4340 468 4374 vv.
499 4324 552 4373 ll.

348 4417 396 4470 5.
462 4401 1095 4464 reuelationem...uocam‘t]
1163 4401 1236 4454 So
1259 4401 1436 4452 Thdt.:

278 4486 336 4539 οὗ
368 4483 430 4548 δὴ
459 4486 604 4550 χάριν
638 4485 720 4535 καὶ
755 4486 768 4510 ‘
787 4481 1102 4547 ἀποκάλυψιν
1119 4481 1132 4506 ’
1170 4481 1320 4534 αὐτοῦ
1349 4481 1440 4544 τὴν

694 3288 724 3336 3
757 3270 855 3320 hoc
876 3268 1010 3326 enim
1041 3268 1195 3318 adubi
1224 3267 1367 3318 C'H
1409 3267 1462 3317 11.
1487 3284 1531 3318 e.
1560 3268 1631 3317 ait
1654 3266 1740 3316 ubi
1769 3267 1813 3316 C
1833 3264 1978 3331 (corr)
2050 3265 2149 3315 hoc
2170 3272 2245 3316 est
2267 3264 2354 3315 ubi
2376 3265 2401 3313 l
2422 3264 2432 3330 Ι
2460 3265 2558 3316 hoc
2586 3266 2711 3316 ..ille

1493 3349 1524 3399 6
1560 3348 1612 3397 in
1637 3347 1888 3413 (bdsup.)
1910 3363 1987 3397 om
2017 3349 2063 3398 C
2082 3347 2231 3411 (corr)
2255 3365 2288 3397 r
2310 3345 2321 3412 Ι
2350 3347 2403 3396 in
2424 3346 2521 3398 hoc
2546 3347 2657 3398 loeo
2680 3364 2713 3398 r

1445 3444 1505 3492 ¹4
1541 3429 1869 3494 Iesusomrl
1899 3428 2097 3478 orissui
2127 3429 2222 3478 Cr

1357 3511 1415 3562 16
1451 3511 1604 3562 Coisl.
1648 3513 1681 3560 l.
1722 3527 1762 3560 c.
1802 3511 2093 3572 προσεκτέον
2130 3510 2224 3572 ὅτι,
2264 3511 2411 3560 xer-R.
2646 3525 2704 3560 αι

2454 3445 2510 3493 15
2546 3429 2599 3478 in
2622 3445 2707 3494 ap-

1543 3741 1814 3807 παρὸυσίαν
1846 3743 1873 3794 ὸ
1904 3741 1986 3794 ἀπ’.
2016 3743 2266 3804 κέκληκε-ν’
2305 3743 2333 3794 ὃ
2364 3745 2462 3809 ’γάρ
2495 3745 2705 3810 κρύβδην

1540 3824 1614 3876 ἀεὶ
1637 3824 1987 3894 κατεσκεύαζεν
2008 3828 2122 3876 τότε
2145 3830 2405 3889 προφανῶς
2426 3830 2631 3888 κηρύξει.

1606 3904 1659 3956 6.
1725 3922 1837 3955 cum
1888 3923 1994 3956 reu.
2028 3906 2219 3971 ficet-it]
2284 3906 2399 3956 The
2438 3908 2706 3958 translator

1540 3989 1633 4039 has
1654 3990 1918 4053 carelessly
1940 3990 2106 4040 added
2127 4006 2241 4038 cum
2264 3989 2461 4040 instead
2502 3990 2562 4040 of
2582 3991 2701 4050 nisi,

1543 4079 1596 4121 to
1628 4073 1877 4136 complete
1911 4073 1997 4122 the
2031 4089 2189 4122 sense.
2261 4073 2323 4122 In
2360 4074 2447 4123 the
2474 4082 2591 4124 next
2628 4091 2701 4124 re·

1539 4153 1751 4214 serence,
1791 4154 1875 4203 ille
1899 4154 1991 4203 has
2024 4155 2153 4204 been
2186 4155 2360 4220 dropt3
2406 4171 2489 4206 see
2522 4157 2700 4214 above,

1542 4236 1575 4285 1.
1609 4251 1656 4284 α.

1613 4329 1686 4380 15.
1758 4315 1817 4365 in
1871 4315 2198 4380 apparitione]
2264 4315 2399 4366 Tert.
2412 4351 2426 4374 ,
2495 4321 2531 4345 “
2547 4333 2700 4382 appa-

1539 4395 1752 4448 rentia.”
1834 4397 1947 4448 The
1980 4397 2131 4448 Latin
2182 4398 2407 4447 versions
2444 4399 2701 4463 generally

1541 4498 1663 4546 vary
1682 4482 1911 4532 between
1942 4477 2369 4530 “illustratione”
2399 4481 2501 4529 and
2537 4479 2699 4528 “illu-
