3250 5025
407 382 451 435 F
455 385 862 440 RAGMENTS
908 385 1002 440 ΟΕ·
1046 385 1202 456 THE
1247 386 1644 441 DOGMATIC
1688 383 1958 441 WORKS
2003 387 2098 441 OF
2144 341 2572 441 THEObORE.
2641 388 2768 457 329

350 583 413 618 τε
450 565 648 638 νοερᾶς
688 560 779 620 καὶ
818 560 1030 639 σαρκός
1070 570 1397 624 συνεστῶτα
1422 562 1511 625 οἷν·

353 668 653 745 θρωπίνης·
723 667 788 729 ὃν
850 667 1146 749 ἄνθρωπον
1196 668 1331 732 ὅντα
1387 670 1511 732 καθ’

349 771 499 851 ἡμᾶς
562 773 669 850 τήν
735 775 930 851 φύσιν,
986 776 1298 854 πνεύματος
1350 775 1512 857 ἅγίου

352 877 578 958 δυνάμει
626 885 685 942 ἐν
725 885 797 961 τῆ
842 886 943 960 τῆς
988 883 1272 962 παρθένου
1322 883 1512 964 μήτρᾳ

288 1000 322 1060 5
354 980 793 1057 διαπλασθέντα,
827 983 1170 1053 ΓεΝόΜεΝοΝ
1203 980 1277 1046 ἐκ
1313 1004 1509 1057 rma!-

356 1089 465 1153 κόε
492 1095 586 1154 καὶ
617 1093 963 1163 ΓεΝόιυιεΝοΝ
996 1093 1119 1166 γ’πό
1155 1095 1374 1170 nomon,
1405 1094 1510 1157 ina

352 1201 566 1269 πάντας
630 1203 778 1283 ἡμᾶς
848 1203 1227 1290 ἑΞΔΓοΡᾶΰῌ““’
1266 1211 1371 1285 τῆς
1410 1213 1513 1270 τοῦ

354 1309 529 1386 νόμου
566 1310 837 1386 δουλείας,
872 1311 977 1390 τήν
1012 1311 1305 1393 πόρρωθεν
1334 1338 1511 1394 προω-

348 1416 621 1494 ρισμένην
711 1420 1001 1481 υἱοθεσίαν
1094 1419 1510 1498 ἀπολαβόντας,

251 1548 327 1588 10
350 1524 681 1604 ἅπορρήτως
719 1535 973 1609 συνῆψεν
1013 1532 1186 1609 ἑαυτῷ
1200 1550 1212 1563 ·
1268 1529 1511 1592 θανάτου

349 1635 455 1709 μὲν
490 1631 659 1694 αὖτόν
688 1633 832 1696 καταῖ
858 1634 1035 1712 νόμον
1059 1634 1368 1713 ἀνθρώπων
1392 1661 1509 1696 πει-

349 1739 635 1816 ρασῆναι
662 1741 1106 1817 κατασκευάσας,
1132 1741 1346 1822 ἐγείρας
1366 1740 1429 1800 δὲ
1448 1744 1510 1800 ἐκ

352 1847 557 1923 νεκρῶν
595 1846 689 1906 καὶ
725 1845 1020 1929 οἶναγαγών
1048 1851 1125 1912 εἰς
1149 1846 1389 1926 οὖρανὸν
1414 1848 1510 1909 καὶ

354 1952 594 2018 καθίσας
620 1958 680 2015 ἐκ
710 1955 901 2025 δεξιῶν
926 1959 1027 2016 τοῦ
1055 1957 1202 2018 θεοῦ.
1279 1955 1410 2019 ὅθεν
1437 1953 1507 2033 δή

252 2086 323 2148 15
353 2061 648 2150 γ’πεΡάΝω
706 2067 901 2130 πάσης
964 2065 1255 2153 Ῠπάρχωκ
1318 2066 1507 2153 ἀρχῆς

354 2175 446 2239 καὶ
508 2175 771 2253 ἐΞογεῖαο
834 2175 922 2244 καὶ
992 2183 1345 2265 κγριότι-ιτοε
1418 2179 1506 2245 καὶ

352 2292 681 2364 ΔγΝάΜεωε
745 2289 835 2356 καὶ
888 2293 1132 2357 ’παητόε
1194 2293 1504 2359 onoma-roc

352 2400 830 2479 ὀΝοΜαΖοΜὲΝογ
891 2406 1003 2479 οῩκ
1064 2404 1134 2469 ἐκ
1186 2408 1281 2490 τῷ
1332 2403 1508 2470 aidum

352 2518 558 2601 τογ’τῳ
590 2520 811 2594 nomon,
836 2517 991 2582 ἀλλὰ
1025 2516 1115 2583 καὶ
1141 2519 1214 2583 ἐκ
1238 2521 1333 2604 τῷ
1356 2522 1507 2584 Μέλ-

250 2649 326 2690 20
353 2621 572 2691 λοκτιῒ
612 2626 719 2707 τὴν
744 2628 900 2708 vaput
928 2628 1119 2705 πάσης
1146 2632 1247 2707 τῆς
1275 2632 1511 2695 κτίσεως

354 2734 575 2816 δέχεται
626 2734 1035 2815 προσκύνησιν,
1081 2735 1152 2801 ὥς
1192 2735 1510 2818 ἀχώριστον

351 2842 492 2921 πρός
526 2842 634 2919 τήν
668 2844 821 2904 θείαν
846 2843 1023 2920 φύσιν
1049 2844 1187 2924 ἔχων
1212 2844 1317 2921 τήν
1342 2846 1511 2905 συνοί-

353 2957 538 3028 φειαν,
567 2948 830 3032 ἀναφορᾷ
852 2952 984 3012 θεοῦ
1006 2952 1099 3011 καὶ
1116 2954 1301 3031 ἐννοίᾳ
1318 2950 1511 3031 πάσης

353 3052 499 3135 αὐτῷ
539 3057 641 3132 τῆς
690 3055 922 3118 κτίσεως
969 3053 1073 3132 τήν
1120 3057 1511 3135 προσκύνησιν

250 3186 281 3225 2
290 3182 324 3243 5
350 3158 761 3239 ἅπονεμούσης.
852 3162 945 3221 καὶ
993 3160 1119 3223 οὔτε
1168 3163 1267 3223 δύο
1321 3166 1512 3241 φαμὲν

351 3268 503 3333 vimis
557 3267 685 3329 οὔτε
739 3268 837 3329 δύο
892 3269 1127 3347 κυρίους,
1186 3267 1378 3347 ἐπειδὴ
1433 3270 1512 3336 εἷς

351 3373 470 3440 υἶός
524 3374 643 3435 κατ’
698 3374 915 3451 οὐσίαν,
972 3374 1006 3435 ὅ
1061 3375 1187 3441 θεὸς
1240 3374 1430 3459 λόγος,
1475 3376 1511 3436 o‘

351 3484 663 3567 μονογενής
716 3483 836 3550 υἶός
889 3488 992 3546 τοῦ
1044 3483 1256 3564 πατρός
1279 3506 1292 3520 ·
1359 3482 1509 3566 ᾧπερ

352 3589 515 3657 οὗτος
582 3594 939 3671 συνημμένος
997 3619 1061 3654 τε
1116 3592 1208 3655 καὶ
1259 3594 1513 3676 μετέχων

249 3727 328 3786 3ο
356 3706 621 3783 θεότητος
660 3709 917 3767 κοινωνεῖ
948 3709 1049 3784 τῆς
1072 3708 1197 3766 υἶοῦ
1222 3731 1510 3790 προσηγο-

352 3825 478 3902 ρίας
521 3848 585 3883 τε
626 3822 721 3881 καὶ
762 3825 929 3900 τψῆς
952 3842 965 3856 ·
1024 3822 1119 3882 καὶ
1162 3820 1350 3901 κύριος
1391 3822 1512 3885 κατ’

354 3937 558 4000 οὐσίαν
596 3937 630 4000 ὁ
672 3938 799 4003 θεὸς
838 3938 1029 4021 λόγος,
1071 3937 1114 4019 ᾧ
1160 3940 1515 4019 συνημμένος

358 4048 521 4113 οὗτος
566 4053 821 4111 κοινωνεῖ
862 4053 965 4130 τῆς
1006 4053 1187 4129 τιμῆς.
1275 4053 1369 4111 καὶ
1423 4051 1515 4113 ὃωῖ

356 4168 525 4225 τοῦτο
561 4162 692 4226 οὔτε
728 4164 829 4227 δύο
867 4168 1057 4245 φαμὲν
1081 4163 1235 4229 vimis
1260 4164 1389 4227 οὔτε
1415 4164 1515 4228 δύο

1610 565 1812 627 anima
1850 564 2124 627 rationali
2171 573 2233 628 et
2281 585 2460 626 carne
2506 567 2772 626 humana

1610 661 2046 737 constitutum3
2111 680 2413 739 quemque
2461 661 2769 722 hominem

1610 760 1940 820 secundum
1982 779 2097 821 nos
2146 759 2508 835 naturaliter,
2553 759 2770 822 uirtute

1611 867 1673 919 et
1714 857 1986 935 potentia
2028 856 2276 935 Spiritus
2318 857 2510 918 sancti
2551 856 2613 918 in
2653 856 2768 918 uir-

1605 950 1761 1031 ginis
1815 965 1986 1016 utero
2041 956 2373 1033 figuratum,
2414 955 2645 1033 sactum
2697 975 2772 1016 ex
2837 975 2872 1038 5

1609 1051 1859 1126 multere,
1881 1052 2114 1127 factum
2151 1053 2256 1112 sub
2291 1054 2420 1129 lege,
2453 1059 2522 1111 ut
2555 1071 2768 1113 omnes

1606 1166 1722 1208 nos
1757 1167 1834 1209 ex
1871 1147 2194 1210 maledicto
2226 1149 2372 1225 legis
2399 1159 2461 1209 et
2487 1147 2770 1209 seruitute

1606 1245 1918 1318 redimeret,
1941 1244 2332 1322 adoptionem
2351 1244 2607 1306 filiorum
2625 1245 2769 1306 olim

1606 1341 2111 1419 praedestinatam
2139 1341 2510 1420 recipienteS,
2539 1342 2769 1403 inenar-

1608 1442 1872 1504 rabiliter
1911 1443 2216 1522 copulauit
2255 1441 2369 1504 sibi
2411 1453 2591 1520 atque
2631 1461 2770 1502 con·
2802 1464 2876 1504 10

1606 1539 1836 1616 iunxit3
1904 1550 2156 1600 mortem
2204 1537 2450 1617 quidem
2496 1558 2637 1600 eum
2685 1556 2772 1598 se-

1608 1621 1876 1699 cundum
1930 1637 2245 1698 hominum
2292 1637 2488 1715 legem
2529 1655 2772 1714 praepa-

1609 1757 1748 1798 rans
1808 1737 2077 1816 experiri,
2152 1737 2445 1800 suscitans
2514 1757 2659 1799 uero
2734 1757 2772 1798 a

1609 1833 1859 1895 mortuis
1913 1846 1974 1896 et
2033 1833 2095 1896 in
2159 1837 2392 1896 caelum
2449 1835 2769 1896 subleuans

1608 1933 1817 1994 sedere
1834 1931 1972 1992 fecit
1993 1934 2072 1995 ad
2091 1934 2396 1994 dexteram
2415 1931 2549 1991 Dei.
2594 1951 2772 2009 prop·
2803 1959 2828 1999 1
2840 1958 2873 2017 5

1608 2038 1698 2088 ter
1753 2028 1918 2105 quod
1986 2026 2248 2088 existens
2314 2037 2490 2104 super
2550 2047 2770 2086 omnem

1595 2122 1993 2199 principatum
2018 2127 2074 2180 et
2083 2127 2412 2198 potestatem
2440 2125 2494 2178 et
2514 2119 2772 2179 domina-

1607 2220 1812 2280 tionem
1855 2226 1912 2279 et
1955 2220 2226 2278 uirtutem
2270 2224 2326 2276 et
2367 2235 2528 2277 omne
2570 2236 2769 2276 nomen

1607 2319 1766 2392 quod
1799 2317 2142 2378 nominatur
2181 2333 2294 2374 non
2337 2315 2519 2374 solum
2567 2314 2630 2374 in
2672 2315 2775 2374 hoc

1608 2416 1822 2475 saeculo
1848 2415 1952 2475 sed
1967 2416 2138 2474 etiam
2167 2415 2229 2473 in
2239 2413 2474 2488 fhtum,
2494 2411 2570 2472 ab
2600 2411 2770 2473 omni
2800 2434 2876 2474 20

1607 2521 1876 2571 creatura
1902 2507 2222 2571 adorabilis
2250 2505 2508 2587 suscepit
2529 2528 2772 2570 uenera-

1608 2606 1852 2683 tionem,
1925 2617 2234 2684 tamquam
2311 2604 2768 2683 inseparabilem

1608 2725 1748 2766 cum
1805 2706 2012 2767 diuina
2065 2716 2278 2766 natura
2347 2706 2573 2765 habens
2628 2724 2769 2765 con-

1606 2802 1996 2880 iunctionem,
2021 2814 2082 2864 et
2101 2814 2411 2881 tamquam
2429 2802 2566 2862 Deo
2589 2820 2770 2878 supra

1609 2918 1854 2961 omnem
1875 2900 2300 2979 cogitationem
2320 2910 2380 2961 et
2400 2898 2768 2960 intellectum
2800 2921 2830 2960 2
2838 2917 2871 2979 5

1607 2998 1888 3060 uniuersa
1929 2999 2016 3059 illi
2063 3010 2332 3060 creatura
2377 2996 2772 3059 reuerentiam

1610 3094 1949 3157 exhibente.
2021 3090 2084 3157 'et
2111 3114 2308 3173 neque
2336 3096 2490 3156 duos
2519 3093 2771 3155 dicimus

1608 3193 1764 3255 filios
1781 3212 1978 3271 neque
1996 3195 2148 3255 duos
2165 3193 2465 3267 dominos,
2483 3192 2772 3271 quoniam

1609 3310 1764 3351 unus
1814 3289 2000 3350 Filius
2048 3289 2382 3350 secundum
2431 3288 2767 3366 essentiam,

1609 3387 1876 3448 Verbum
1935 3386 2123 3460 DeuS,
2178 3384 2520 3463 unigenitus
2582 3384 2768 3446 Filius
2796 3412 2877 3470 30

1610 3484 1817 3559 PatriS,
1837 3482 1934 3545 eui
1950 3484 2062 3545 iste
2084 3483 2455 3558 coniunctuS,
2474 3482 2772 3562 particeps

1610 3582 1866 3659 deitatis,
1937 3603 2328 3645 communem
2404 3584 2587 3645 habet
2667 3582 2772 3644 filii

1609 3682 2124 3760 nuncupationem
2173 3693 2234 3743 et
2288 3683 2621 3760 honorem3
2689 3682 2774 3743 ni-

1610 3777 1936 3839 hilominus
1985 3777 2265 3840 dominus
2302 3781 2637 3841 secundum
2684 3800 2774 3842 es-

1612 3878 1868 3939 sentiam
1937 3880 2108 3940 Deus
2177 3879 2445 3941 Verbum
2509 3890 2617 3957 est,
2674 3879 2774 3941 cui
2801 3899 2836 3957 3
2842 3894 2876 3957 5

1610 3975 1966 4038 coniunctus
2019 3978 2132 4039 iste
2182 3989 2243 4040 et
2297 3977 2558 4041 sociatus
2613 4000 2774 4041 com·

1613 4072 1966 4134 munionem
2003 4074 2184 4137 habet
2212 4075 2456 4137 honoris
2484 4097 2623 4138 cum
2649 4078 2770 4141 illo.

1610 4181 1672 4231 et
1711 4180 2030 4251 propterea
2067 4191 2270 4253 neque
2309 4176 2465 4238 duos
2517 4174 2776 4242 dicimus

1199 4348 1257 4383 ιτ
1291 4337 1664 4399 παρασκευάσας
1685 4340 1784 4390 cod.
1807 4338 1932 4392 Par.

896 4480 925 4508 ⁴*
960 4482 1073 4533 Gal.
1098 4482 1166 4531 iv.
1190 4499 1238 4544 4,
1264 4498 1309 4546 5.

1865 4486 1898 4540 †
1935 4488 2066 4554 Eph.
2093 4488 2128 4537 i.
2153 4504 2233 4539 αι.
