3250 5025
305 371 352 435 1.
383 370 472 457 4]
1022 386 1104 434 m
1155 386 1260 436 ΕΡ.
1307 386 1410 435 AD
1457 382 1923 434 τιΜοτΗΕυΜ
1974 383 2015 432 1.
2644 380 2725 449 73

299 558 494 621 huius
549 557 767 621 dicere
815 558 1219 642 progeniem,
1273 578 1447 622 nunc
1500 578 1661 622 uero
1702 556 1993 634 alteriuS,
2042 566 2110 623 et
2159 558 2397 634 iterum
2452 556 2539 620 ab
2601 556 2730 619 isto

301 662 580 724 transire
629 662 714 725 ad
765 660 1065 737 alterum,
1113 660 1293 743 quod
1341 662 1408 724 in
1445 660 1855 743 genealogiis
1898 660 2039 725 fieri
2086 661 2259 725 solet
2302 660 2729 736 necessarie,*

301 764 571 847 quando
602 765 750 846 quis
792 764 1179 847 progeniem
1221 786 1310 828 ex
1360 765 1586 829 multis
1634 765 2153 830 descendentem
2198 765 2483 830 uoluerit
2528 765 2731 829 inter-

302 870 545 950 pretari
570 888 585 945 ;
635 868 963 931 ‘infinitas
982 869 997 894 '
1037 869 1390 932 nominans
1421 890 1503 933 eo
1533 869 1715 953 quod
1748 869 2005 933 nullum
2038 868 2241 933 finem
2271 869 2585 945 habeant,
2610 868 2728 931 sed

303 990 424 1034 nec
465 969 746 1035 deficere
777 971 1035 1054 possint
1066 972 1449 1035 occasiones
1480 972 1834 1035 uerborum
1882 972 1949 1035 in
1994 970 2240 1035 talibus
2282 971 2390 1036 uel
2428 972 2730 1036 maxime
2804 980 2836 1047 5

301 1075 818 1157 quaestionibuS,
852 1096 1018 1159 quas
1063 1077 1267 1140 etiam
1310 1076 1692 1139 occasiones
1730 1077 2185 1141 narrationum
2228 1084 2297 1139 et
2339 1072 2391 1157 †
2414 1074 2727 1140 ‘fabulas’

302 1197 448 1241 esse
466 1177 658 1254 dixit,
677 1199 758 1242 eo
777 1178 957 1261 quod
980 1199 1102 1242 nec
1121 1178 1373 1261 aliquid
1398 1178 1693 1243 habeant
1712 1180 1778 1243 in
1799 1200 1871 1242 se
1892 1175 2355 1254 necessarium,
2376 1178 2494 1241 sed
2512 1178 2727 1248 solam

304 1283 752 1346 narrationem
783 1283 1223 1348 contineant*
1256 1302 1504 1347 uanam
1537 1285 1881 1367 quandam
1906 1294 1975 1348 et
1996 1283 2389 1361 fabulosam,
2409 1284 2725 1367 quoniam

302 1383 448 1447 ‘ille
496 1384 683 1448 illum
725 1406 814 1449 ex
857 1385 971 1449 illa
1009 1387 1277 1469 genuit!
1368 1396 1436 1450 et
1467 1387 1911 1468 interpretans
1943 1386 2103 1470 quid
2138 1385 2510 1450 ‘infinitum
2534 1384 2549 1409 '
2582 1406 2727 1451 esse

301 1490 481 1565 dicit,
543 1492 798 1572 optime
857 1492 1140 1555 adiecit:
1211 1512 1376 1574 quae
1432 1491 1828 1571 quaestiones
1869 1498 2216 1574 praestant
2264 1491 2479 1573 magis
2528 1511 2726 1572 quam
2763 1513 2841 1561 10

301 1592 831 1675 dispensationem
861 1594 997 1658 Dei
1023 1594 1267 1678 infide.
1356 1594 1434 1679 †‘
1461 1595 1697 1659 talium
1734 1595 2003 1679 (inquit)
2036 1597 2345 1672 narrati0,
2387 1605 2456 1660 et
2485 1594 2727 1659 sollici-

303 1697 468 1761 tudo
499 1718 671 1780 quae
701 1699 788 1762 de
819 1698 1062 1763 talibus
1092 1708 1210 1777 est,
1253 1701 1681 1784 quaestiones
1727 1702 2000 1783 quidem
2045 1702 2351 1783 copiosas
2395 1699 2724 1784 quasdam

301 1808 371 1864 et
401 1800 694 1865 infinitas
722 1812 1058 1884 praestare
1088 1803 1394 1881 uidetur3
1442 1802 1751 1885 prohibet
1782 1824 1941 1867 uero
1983 1803 2281 1867 diuinam
2320 1822 2726 1887 cognoscere

229 1894 234 1901 ⁸
303 1906 892 1989 dispensationem,
947 1908 1316 1972 secundum
1375 1928 1579 1990 quam
1645 1907 1831 1971 Deus
1908 1916 2206 1971 nostram
2269 1906 2554 1971 salutem
2606 1927 2727 1990 per

309 2008 647 2073 Christum
698 2009 955 2093 operari
1006 2010 1321 2092 dignatus
1374 2020 1492 2085 est,
1541 2010 1648 2073 cui
1695 2009 1803 2073 uel
1852 2010 2151 2073 maxime
2191 2029 2345 2072 cum
2377 2010 2560 2073 omni
2594 2009 2833 2095 fide-15

305 2113 648 2177 intendere
676 2114 991 2177 conuenit
1035 2113 1186 2177 illos
1227 2114 1340 2197 qui
1383 2114 1686 2193 audiunt,
1720 2113 1835 2195 qui
1873 2123 1941 2176 et
1987 2114 2147 2194 ipsis
2185 2113 2381 2176 rebus
2419 2114 2724 2177 ueritatis

305 2216 551 2282 habere
602 2228 883 2301 possunt
922 2215 1448 2301 probationem!
1538 2235 1822 2299 quorum
1873 2216 2176 2280 doctrina
2222 2216 2497 2279 minime
2538 2237 2725 2299 prae-

306 2326 626 2399 termissa,
677 2324 1126 2387 successiones
1174 2342 1310 2386 non
1370 2320 1687 2385 conuenit
1746 2319 2075 2383 discutere
2119 2318 2476 2401 generum!
2566 2339 2725 2383 nam

307 2418 465 2512 quia
511 2438 672 2492 tunc
732 2428 912 2491 mala
970 2436 1161 2491 erant
1208 2427 1294 2490 de
1346 2424 1528 2489 hisce
1575 2422 1802 2501 uerba,
1854 2423 2109 2506 liquido
2151 2422 2218 2485 id
2265 2421 2585 2505 probatur
2634 2444 2724 2487 ex

311 2533 641 2598 Matthaei
689 2544 760 2599 et
814 2533 1038 2596 Lucae
1081 2531 1641 2614 euangelistarum
1689 2530 2081 2593 narratione.
2170 2528 2448 2610 utrique,
2477 2530 2725 2592 etenim
2754 2549 2840 2598 20

306 2637 812 2720 explicauerunt
851 2634 1421 2719 quemadmodum
1463 2631 1711 2697 Christi
1757 2633 2099 2714 generatio
2144 2652 2233 2694 ex
2279 2631 2558 2714 antiquo
2610 2632 2727 2696 de-
2777 2686 2781 2692 ,

308 2803 402 2888 τῷ
447 2799 649 2887 λόγῳ·
709 2799 877 2887 ὅπερ
931 2802 1000 2868 ἐν
1051 2807 1196 2872 ταῖς
1245 2800 1704 2884 ’γενεαλογίαις
1761 2796 2069 2882 γίνεσθαι
2119 2791 2390 2876 ἀνάγκη,
2446 2793 2558 2858 νῦν
2606 2790 2726 2876 μὲν

306 2897 541 2965 τούτου
585 2897 917 2982 λεγόντων
975 2899 1051 2964 τὸ
1108 2898 1309 2984 γένος,
1362 2898 1549 2970 αὖθις·
1609 2897 1677 2964 δὲ
1731 2895 1806 2963 τὰ
1860 2895 2099 2981 ἑτέρου,
2150 2891 2261 2959 καὶ
2320 2889 2534 2958 πάλιν
2591 2888 2725 2955 ἀπὸ

307 2998 540 3065 τούτου
565 2997 1066 3082 μεθισταμένων
1096 2999 1186 3070 εἰς
1218 2999 1454 3087 ἕτερον.

441 3095 728 3181 ’μύθονς’
763 3096 831 3163 δὲ
854 3095 1088 3168 αὐτοὺς·
1119 3095 1460 3180 ὠνόμασεν
1490 3095 1575 3168 ὥς
1595 3093 1687 3180 μὴ
1710 3095 1989 3186 ἔχοντας
2011 3091 2379 3176 ἀναγκαίαν
2405 3088 2724 3174 διήγησιν.
2754 3113 2791 3160 2
2802 3109 2832 3177 5

437 3201 478 3283 ἡ
521 3203 648 3288 γὰρ
689 3199 844 3288 περὶ
884 3203 1098 3265 ταῦτα
1137 3199 1365 3290 σχολὴ
1408 3199 1522 3266 καὶ
1567 3197 1833 3280 ζήτησις
1870 3197 1988 3264 οὐκ
2028 3198 2103 3287 ἐᾷ,
2140 3200 2387 3278 γνῶναι
2432 3196 2547 3260 τοῦ
2580 3193 2727 3259 θεοῦ

309 3303 427 3387 τὴν
485 3303 881 3386 οἰκονομίαν,
932 3301 1080 3370 καθ’
1137 3301 1218 3387 ἣν
1262 3301 1383 3386 τὴν
1441 3301 1764 3389 ἡμετέραν
1834 3300 1945 3368 διὰ
2002 3302 2300 3387 Χριστοῦ
2367 3295 2727 3385 εἰργάσατο

309 3405 663 3495 σωτηρίαν·
779 3405 822 3490 ᾖ
877 3407 1142 3489 μᾶλλον
1201 3405 1564 3496 προσέχειν
1623 3405 1752 3472 ἔδει
1816 3403 1987 3490 μετὰ
2041 3403 2349 3481 πίστεως,
2400 3399 2535 3467 ἀπὸ
2596 3403 2729 3466 τῶν

309 3507 717 3597 πραγμάτων
759 3507 1036 3598 ἔχοντας·
1079 3511 1195 3590 τῆς
1225 3507 1558 3594 ’ἀληθείας
1603 3507 1724 3591 τὴν
1768 3505 2119 3590 ἀπόδειξιν.

407 3699 434 3736 2
473 3685 704 3736 transisse
738 3701 771 3733 r
794 3682 804 3750 Ι
831 3684 1111 3735 necessario
1143 3701 1176 3734 r
1377 3705 1410 3750 4
1443 3685 1631 3735 habent
1655 3702 1687 3734 r
1906 3699 1964 3748 ¹3
1998 3681 2267 3749 prohibent
2288 3699 2321 3732 r
2528 3694 2589 3748 19
2618 3697 2726 3732 uer·

311 3767 388 3816 bis
405 3783 437 3816 r
665 3779 729 3814 πο
761 3773 858 3817 utr.
885 3766 1016 3831 expl.
1047 3766 1182 3816 enim
1205 3781 1238 3814 r
1463 3765 1528 3816 26
1562 3766 1717 3817 Coisl.
1748 3781 1859 3828 204,
1887 3765 1921 3816 Ι.
1944 3781 1986 3816 c.

376 3938 426 3983 4.
491 3935 544 3968 eo
569 3919 704 3984 quod
729 3919 931 3968 nullum
944 3918 1112 3984 finem
1144 3919 1220 3982 h]
1259 3919 1470 3984 Chrys-z
1570 3919 1657 3970 the
1680 3917 1921 3980 MishnaJ.

312 4003 360 4051 τί
393 4003 528 4051 ἐστὶν
561 3999 945 4064 ἀπεράντους
984 4000 1094 4062 ἦτοι
1116 3998 1288 4064 πέρας
1311 3999 1472 4050 οὐδὲν
1642 4015 1717 4067 19.
1784 3998 1974 4064 liquido
1994 3995 2320 4062 idprobatur,
2347 3994 2461 4058 &001
2496 3994 2547 4044 It
2568 4011 2729 4046 seems

311 4085 599 4146 ἐχούσαις,
641 4079 674 4142 ἢ
710 4079 846 4134 οὐδὲν
882 4085 1136 4148 χρήσιμον,
1167 4081 1200 4144 ἥ
1235 4080 1469 4133 δυσκατό-
1571 4084 1682 4134 that
1705 4081 1849 4134 Th.’s
1869 4087 2083 4132 account
2106 4078 2166 4128 os
2191 4078 2278 4127 the
2312 4092 2529 4143 purpose
2561 4076 2727 4128 aimed

311 4169 502 4228 ληπτον
523 4167 656 4227 ἡμῖν.
777 4204 780 4206 ψ
1569 4171 1622 4214 at
1646 4165 1714 4228 by
1736 4162 1822 4212 the
1844 4159 2179 4227 genealogists
2199 4157 2243 4208 is
2264 4173 2296 4208 a.
2316 4173 2451 4208 mere
2480 4156 2729 4230 inferenee

376 4245 427 4298 6.
501 4250 516 4276 ‘
525 4249 740 4313 fabulas
753 4245 767 4270 ⁹
813 4263 910 4298 esse
947 4248 1094 4309 dixit,
1139 4246 1257 4310 &c.]
1304 4246 1462 4300 Thdt.
1567 4241 1773 4292 derived
1807 4239 1938 4290 from
1967 4256 1999 4289 a
2030 4241 2346 4306 compat-ison
2375 4239 2433 4290 os
2463 4239 2551 4291 the
2574 4255 2728 4304 gene·

311 4329 504 4395 assignas
537 4345 568 4380 a
590 4344 731 4379 more
759 4328 964 4379 definite
999 4345 1141 4379 sense
1180 4336 1234 4379 to
1263 4330 1468 4388 μύθουςε
1568 4321 1759 4387 alogies
1803 4322 1863 4371 os
1896 4321 1992 4374 SS.
2036 4321 2187 4372 Matt.
2242 4322 2342 4372 and
2394 4321 2555 4371 Luke.
2628 4320 2729 4372 His

310 4429 363 4472 μ.
394 4405 777 4469 ἐκάλεσεν...τὺ
803 4409 1071 4470 ’Ῑουὸαῗκήν
1096 4411 1348 4474 ἑρμηνείαν
1379 4405 1470 4469 τήν
1569 4411 1850 4455 comments
1872 4419 1939 4454 on
1963 4403 2017 4456 S.
2044 4403 2193 4454 Matt.
2218 4403 2249 4454 i.
2280 4404 2381 4453 and
2406 4403 2459 4454 S.
2487 4401 2632 4452 Luke
2652 4401 2723 4454 iii.

315 4492 396 4540 ὑπ’
430 4488 589 4541 αὐτῶν
623 4489 922 4552 καλουμένην
955 4491 1300 4551 acorem-mu
1339 4487 1394 4552 [ἱ.
1419 4505 1462 4539 e.
1573 4502 1633 4551 23
1658 4501 1751 4550 sq„
1779 4499 1865 4534 are
1884 4483 2255 4549 unfortunately
2275 4484 2399 4534 both
2422 4483 2645 4550 missing.
