3250 5025
455 319 578 385 150
1120 316 1577 368 THEononus
1626 315 2216 367 MOPSUESTENUS
2590 301 2736 385 [IV.
2778 320 2869 382 14

449 489 766 553 lationem
829 490 987 553 illud
1049 489 1379 572 accipiens
1438 509 1686 571 perque
1747 489 2218 571 inpositionem
2283 508 2602 552 manuum
2672 490 2873 572 pluri-

454 612 712 656 morum
773 602 840 656 et
899 591 1026 656 hoc
1087 613 1220 655 non
1281 591 1776 670 uilissimorum,
1826 591 1940 674 qui
1990 592 2058 655 in
2112 601 2231 654 tua
2276 592 2697 657 ordinatione
2751 595 2877 678 ipsi

452 698 706 778 gratiae
764 696 889 760 uisi
948 705 1105 760 sunt
1165 697 1596 762 ministrasse.
1688 696 1914 778 itaque
1963 695 2145 758 omni
2201 716 2292 759 ex
2345 704 2535 778 parte
2588 715 2722 760 non
2775 706 2879 759 est

453 809 721 864 cautum
756 801 876 865 tibi
910 810 984 865 ut
1015 801 1332 883 neglegas
1373 800 1485 864 illa
1527 821 1700 883 quae
1740 799 1863 862 tibi
1906 809 2062 864 sunt
2092 801 2406 875 iniuncta,
2439 800 2581 863 siue
2612 809 2885 883 propter

396 915 426 980 5
457 903 928 969 reuelationem
960 926 1112 969 cum
1160 927 1294 988 qua
1339 906 1696 968 adsecutus
1727 924 1815 979 eS,
1850 905 1992 968 siue
2034 904 2123 967 ob
2154 905 2616 988 dignationem
2648 925 2877 968 eorum

457 1009 570 1090 qui
617 1008 705 1072 ob
749 1009 876 1075 hoc
924 1011 1139 1092 ipsum
1189 1011 1639 1073 ministrantes
1689 1030 1926 1072 manus
1971 1009 2093 1072 tibi
2142 1007 2617 1090 inposuerunt.’
2699 1020 2882 1091 pres-

460 1113 690 1192 byterii
743 1135 902 1177 uero
961 1112 1087 1177 hoc
1149 1114 1214 1176 in
1275 1113 1423 1176 loco
1483 1133 1616 1176 non
1679 1133 1796 1176 eos
1870 1129 2045 1176 nunc
2108 1113 2479 1176 nominauit
2539 1112 2651 1193 qui
2708 1134 2887 1178 nunc

461 1217 891 1279 nominantur
941 1216 1522 1298 presbyteri—nec
1575 1225 1801 1279 autem
1849 1235 1951 1277 res
1996 1214 2397 1278 admittebat
2434 1216 2599 1279 istos
2646 1238 2885 1281 manus

462 1319 780 1401 inponere
820 1321 905 1384 ad
952 1321 1438 1384 ordinationem
1486 1321 1693 1408 ipsius
1740 1319 2098 1383 functionis
2128 1299 2309 1398 ;'sed
2363 1319 2880 1403 †apostolorum

365 1439 442 1486 10
464 1423 624 1486 dicit
675 1432 1080 1486 conuentum
1135 1423 1246 1505 qui
1301 1424 1532 1485 aderat
1575 1422 1885 1504 apostolo
1941 1423 2148 1486 Paulo
2196 1433 2265 1487 et
2316 1444 2469 1488 cum
2521 1445 2603 1487 eo
2649 1447 2885 1490 manus

463 1526 877 1608 inponebant
925 1528 991 1589 in
1038 1528 1179 1590 eius
1235 1528 1740 1592 ordinationem.
1832 1527 2389 1610 ‘presbyterium’
2436 1539 2661 1592 autem
2724 1529 2886 1593 illud

467 1627 841 1695 nominauit
871 1629 1435 1712 contemplatione
1465 1629 1755 1694 honoriS.
1822 1630 1949 1694 ista
1980 1652 2139 1694 uero
2170 1633 2652 1696 consuetudine
2683 1635 2885 1697 etiam

468 1756 644 1798 nunc
690 1745 898 1818 agunt
929 1756 1137 1818 usque
1180 1734 1326 1812 hue,
1369 1743 1441 1798 ut
1482 1735 1549 1798 in
1593 1735 2057 1818 episcoporum
2101 1737 2519 1799 ordinatione
2552 1757 2685 1799 non
2719 1757 2890 1800 unus

469 1840 586 1904 sed
641 1838 906 1921 plurimi
947 1849 1016 1903 et
1068 1840 1448 1904 huiusmodi
1499 1841 1989 1904 ordinationem
2045 1839 2435 1924 impleant!
2525 1841 2769 1904 deinde
2824 1851 2891 1904 et

367 1959 440 2027 15
470 1945 829 2026 persistens
883 1945 948 2008 in
981 1946 1367 2027 praebendo
1396 1946 1675 2009 consilio
1706 1946 1909 2009 adicit
1943 1966 1957 2008 :

601 2159 715 2224 τὸν
750 2162 883 2225 τῶν
923 2161 1323 2228 αποστόλων
1364 2161 1704 2246 σύλλογον
1745 2163 1971 2251 φησίν,
2002 2160 2067 2228 οἳ
2105 2161 2441 2248 συνῄεσάν
2472 2188 2545 2227 τε
2574 2161 2751 2248 αὐτῷ
2782 2159 2894 2226 καὶ

471 2261 973 2348 συνεφήπτοντο
1005 2263 1090 2334 ὥς
1122 2264 1294 2334 εἰκὸς
1322 2264 1689 2352 ποιουμένῳ
1722 2265 1843 2347 τὴν
1873 2265 1976 2332 ἐπ’
2010 2264 2188 2352 αὐτῷ
2218 2263 2646 2353 χειροτονίαν,
2666 2272 2898 2351 ’πρεσ-

470 2362 813 2448 βυτέριον’
860 2363 1018 2432 αὐτὸ
1061 2365 1392 2451 ὀνομάσας
1433 2366 1568 2433 ἀπὸ
1610 2373 1730 2434 τοῦ
1762 2367 2040 2451 ἐντίμου.
2130 2371 2324 2433 τοῦτο
2356 2364 2426 2431 δὲ
2456 2366 2569 2432 καὶ
2610 2371 2724 2432 νῦν
2754 2364 2899 2433 ἔθος

473 2467 542 2533 ἐν
576 2473 720 2539 ταῖς
760 2471 892 2534 τῶν
937 2468 1329 2536 ἐπισκόπων
1367 2470 1678 2555 «γίνεσθαι
1725 2472 2121 2558 προβολαῖς,
2152 2467 2229 2535 τὸ
2263 2468 2355 2551 μὴ
2390 2467 2498 2555 ὑφ’
2542 2466 2701 2549 ἑνός,
2742 2463 2897 2533 ἀλλ’

363 2585 451 2635 20
476 2568 607 2636 ὑπὸ
669 2572 996 2639 πλειόνων
1053 2572 1172 2644 τὰς
1231 2573 1541 2645 τοιαύτας
1601 2576 1669 2639 ἐν
1727 2577 1807 2658 τῇ
1868 2572 2193 2661 ἐκκλησίᾳ
2248 2565 2658 2661 χειροτονίας
2728 2580 2902 2651 πλη-

471 2673 770 2761 ροῦσθαι.

577 2869 598 2902 1
649 2867 739 2915 per
759 2867 909 2917 quem
937 2852 1102 2903 C'H
1156 2869 1247 2918 per
1270 2853 1474 2919 inquam
1499 2870 1531 2903 r
1756 2869 1790 2914 4
1822 2862 2025 2904 auctum
2051 2852 2165 2918 (sor
2183 2854 2337 2913 caut.)
2360 2854 2429 2902 H
2658 2862 2686 2912 5
2724 2866 2784 2900 ea
2807 2847 2906 2915 (ast

473 2930 592 2997 qua)
616 2933 685 2982 H
689 2948 723 2980 r
960 2931 992 2982 6
1023 2934 1341 2998 presbyteros
1381 2936 1426 2985 C
1454 2934 1602 2995 (corr)
1621 2950 1655 2983 r
1893 2947 1920 2998 7
1960 2942 2079 2985 tunc
2122 2934 2235 2999 (sor
2269 2934 2421 2996 nunc)
2468 2932 2512 2982 C
2540 2931 2723 2995 (corr):
2758 2948 2837 2981 om
2874 2946 2906 2979 r

479 3029 536 3076 13
570 3020 724 3077 agunt
745 3028 823 3063 om
853 3012 898 3061 C
957 3022 1112 3079 agunt
1135 3022 1191 3064 ut
1211 3030 1292 3063 om
1312 3015 1382 3064 H
1400 3013 1410 3079 Ι
1437 3014 1601 3079 agitur
1623 3014 1723 3079 (ast
1741 3016 1918 3080 usque)
1942 3016 2047 3064 add
2070 3016 2114 3066 C
2133 3014 2311 3077 (σοφῆς
2344 3020 2425 3063 txt
2457 3029 2489 3062 r
2733 3011 2790 3063 16
2823 3028 2901 3078 sq.

475 3094 629 3144 Coisl.
660 3110 772 3157 204,
794 3094 829 3144 l.
857 3110 898 3143 c.
922 3096 1164 3159 θεόδωρος.
1231 3092 1265 3155 ἦ
1287 3098 1367 3145 καὶ
1391 3098 1475 3146 τὸν
1495 3097 1608 3155 τῶν,
1632 3100 1781 3146 κ.τ.λ.

539 3249 588 3297 8.
655 3262 742 3296 nec
771 3254 938 3297 autem
974 3264 1052 3299 res
1082 3248 1391 3312 admittebat]
1458 3249 1522 3300 In
1546 3250 1633 3301 the
1737 3252 1793 3299 οὐ
1838 3250 1950 3311 περὶ
2010 3247 2349 3314 πρεσβυτέρων
2390 3249 2555 3312 φησίν,
2610 3245 2740 3297 ἀλλὰ
2794 3248 2905 3310 περὶ

473 3329 596 3381 East
610 3330 891 3394 presbyters
908 3330 1007 3380 had
1031 3346 1098 3381 no
1121 3340 1233 3396 part
1249 3332 1302 3381 in
1319 3332 1405 3382 the
1426 3332 1631 3398 imposi-
1736 3331 2027 3383 ἐπισκόπων·
2067 3336 2123 3382 οὐ
2137 3331 2232 3396 γὰρ
2263 3328 2323 3403 δὴ
2341 3330 2659 3395 πρεσβύτεροι
2686 3330 2770 3380 τὸν
2799 3331 2901 3379 ἐπί-

473 3411 581 3460 tion
603 3410 662 3459 of
681 3410 859 3471 hands,
887 3426 1012 3461 even
1035 3417 1088 3460 at
1112 3411 1197 3461 the
1219 3412 1505 3462 ordination
1528 3413 1588 3462 os
1602 3428 1635 3463 a
1735 3432 1921 3464 σκοπον
1944 3413 2292 3478 ἐχειροτόνουν.
2353 3414 2530 3464 Thdt.:
2555 3410 2904 3474 πρεσβυτέρων

473 3494 656 3558 priesn
699 3493 800 3543 and
843 3494 1038 3543 neither
1067 3494 1119 3544 in
1155 3494 1276 3545 East
1311 3512 1369 3545 or
1409 3496 1551 3545 West
1585 3495 1631 3545 is
1738 3497 1790 3545 δὲ
1812 3493 2021 3546 ἐνταῦθα
2035 3492 2313 3559 [ἐκάλεσεν]
2336 3497 2444 3544 τοὺς
2472 3490 2554 3555 τῆς
2576 3490 2899 3553 aroc-remrein

474 3575 613 3625 there
647 3591 745 3640 any
771 3576 1123 3626 well-attested
1153 3576 1376 3626 instance
1410 3576 1470 3625 of
1496 3592 1631 3641 pres·
1740 3576 1934 3640 χάριτος
1951 3575 2251 3637 ἠξιωμένους.

469 3658 638 3722 byters
665 3656 854 3721 having
883 3657 1035 3707 taken
1057 3666 1169 3722 part
1194 3658 1244 3707 in
1275 3657 1361 3707 the
1383 3672 1640 3707 consecra·
1812 3676 1890 3709 12.
1940 3659 2338 3723 contemplatione
2356 3658 2575 3720 honoris]
2626 3657 2705 3707 Cf.
2728 3664 2899 3722 supra,

471 3740 579 3790 tion
595 3740 653 3789 of
669 3755 768 3789 one
789 3738 848 3789 of
866 3740 994 3789 their
1015 3756 1132 3789 own
1155 3740 1289 3803 body
1305 3747 1359 3789 to
1382 3739 1468 3789 the
1494 3739 1641 3804 Epis·
1746 3756 1798 3805 p.
1830 3752 1939 3805 119,
1964 3739 1999 3788 l.
2029 3755 2103 3801 xo,
2130 3748 2267 3789 note.

471 3830 667 3887 copate.
702 3822 798 3873 See
815 3822 896 3871 Mr
911 3820 1178 3871 Haddan’s
1191 3818 1641 3886 article“Bishop”
1815 3838 1891 3885 13.
1960 3837 2060 3869 non
2084 3836 2220 3869 unus
2239 3820 2326 3869 sed
2332 3819 2575 3884 plurimi]
2642 3818 2722 3869 Cf.
2756 3818 2901 3868 Had-

474 3905 528 3953 in
560 3904 646 3954 the
679 3904 820 3952 Dict.
857 3903 922 3967 of
947 3904 1070 3953 Chr.
1099 3906 1230 3953 Ant.
1267 3904 1318 3969 (i.
1358 3907 1491 3971 229),
1528 3904 1633 3953 and
1745 3903 1861 3961 dan,
1893 3903 1925 3951 l.
1949 3920 2010 3960 c.,
2037 3919 2087 3967 p.
2114 3917 2209 3965 223
2236 3918 2313 3967 sq.
2390 3901 2489 3951 Th.
2512 3916 2723 3966 appears
2746 3910 2798 3950 to
2832 3916 2908 3951 re-

471 4001 637 4051 comp.
679 3986 764 4035 Mr
816 3986 1030 4036 Hatch's
1071 3987 1246 4035 article
1301 4003 1368 4035 on
1429 3986 1631 4037 “Ordi-
1742 3986 1867 4049 gard
1894 3985 1978 4035 the
2003 3986 2106 4049 Ap.
2138 4000 2193 4035 as
2225 3984 2467 4049 referring
2488 3984 2543 4032 in
2565 3983 2665 4045 this
2688 3983 2831 4048 place
2853 3991 2907 4031 to

472 4067 648 4116 nation
666 4065 699 4088 '’
729 4067 802 4127 (ii.
839 4069 965 4130 1518
991 4066 1092 4132 sq.)
1111 4086 1126 4128 ς
1161 4068 1261 4117 add
1298 4067 1490 4125 Routh,
1525 4068 1636 4116 rell.
1744 4069 1797 4118 S.
1820 4067 2102 4132 Timothy’s
2124 4068 2411 4117 ordination
2432 4076 2487 4116 to
2513 4066 2597 4115 the
2618 4066 2907 4129 epis-effata·

471 4162 598 4195 sacr.
627 4159 701 4195 lv.
720 4162 770 4211 p.
799 4162 890 4209 ¹44
913 4162 985 4211 sq.
1003 4147 1090 4208 [on
1114 4146 1198 4197 the
1221 4156 1325 4197 text
1343 4146 1402 4196 of
1415 4148 1500 4196 the
1520 4147 1637 4208 13th
1742 4149 1806 4199 cf.
1866 4150 2041 4211 Chrys,
2102 4148 2254 4211 (cited
2298 4146 2499 4207 above),
2550 4147 2653 4195 and
2698 4147 2905 4211 Pelag.:

473 4228 651 4278 Canon
673 4228 733 4277 of
749 4228 991 4292 AncyraJ.
1750 4230 1786 4255 ‘⁴
1818 4230 2112 4295 prophetiae
2144 4230 2357 4295 gratiam
2391 4228 2610 4278 habebat
2635 4243 2750 4276 cum
2773 4227 2907 4277 ordi-

536 4325 581 4377 9.
655 4312 980 4376 apostolorum
994 4311 1044 4362 d.
1065 4312 1388 4375 conuentum]
1421 4312 1462 4362 1.
1477 4330 1524 4362 e.
1551 4312 1638 4363 the
1740 4313 1945 4361 natione
1966 4310 2334 4378 episcopatus.”
2412 4311 2513 4359 For
2544 4309 2754 4359 another
2784 4310 2910 4359 view

469 4391 724 4456 primitive
741 4391 976 4457 bishops;
1012 4392 1076 4442 cf.
1102 4404 1160 4442 11.
1180 4410 1232 4458 p.
1259 4407 1368 4455 1²3-
1427 4394 1604 4457 Chrys,
1626 4413 1639 4443 :
1748 4410 1831 4445 see
1858 4395 2206 4445 Wordsworth
2232 4395 2329 4444 and
2356 4394 2583 4449 Ellicott‚
2609 4393 2681 4441 ad
2697 4392 2746 4442 h.
2777 4393 2810 4442 1.
