3250 5025
447 304 577 369 204
1096 299 1554 354 THEoDonus
1602 300 2190 356 MOPSUESTENUS
2525 289 2646 375 [ΙΙ.
2681 302 2868 374 5-7.

444 494 567 537 sua
618 471 997 557 probabiles
1051 471 1331 539 inueniri
1379 474 1465 539 ab
1513 475 1698 539 omni
1753 474 2207 558 negotiatione
2248 472 2570 539 saeculari
2613 473 2872 557 seipsos

447 576 777 655 cohibent,
832 599 1035 662 opere
1093 599 1217 644 suo
1278 589 1546 646 tantum
1606 577 2070 645 intendentes?
2161 579 2336 644 bene
2389 589 2615 643 autem
2693 576 2874 642 dixit

446 681 979 765 ‘implicantur’3
1024 692 1093 749 et
1129 683 1329 749 ualde
1373 685 1642 769 proprie
1681 684 1851 749 illud
1890 684 2068 749 dixit
2103 704 2186 747 eo
2217 682 2399 767 quod
2432 682 2544 746 ille
2573 683 2688 765 qui
2719 679 2874 746 talis

448 796 552 851 est
582 794 649 850 et
680 786 767 851 de
804 786 908 852 his
956 786 1268 853 studium*
1297 788 1520 868 habet,
1553 810 1678 854 nec
1719 789 2086 855 adtendere
2116 798 2341 869 potest
2383 788 2449 850 in
2491 786 2748 863 meliuS,
2789 805 2872 849 eo

383 904 415 971 5
450 891 631 973 quod
665 890 871 955 semel
894 891 1345 958 saecularibus
1364 892 1748 977 implicatus
1778 900 1899 957 est.
1951 891 2196 957 deinde
2227 899 2296 955 et
2319 891 2405 957 ad
2429 889 2611 955 aliud
2630 886 2874 954 transit

449 994 881 1077 exemplum:

490 1138 495 1143 ⁸
578 1147 647 1211 si
681 1158 900 1212 autem
942 1158 1005 1213 et
1034 1148 1105 1213 in
1151 1170 1354 1233 agone
1394 1149 1545 1233 quis
1572 1151 1864 1228 decertat,
1906 1170 2031 1213 non
2059 1158 2407 1213 coronatur
2431 1147 2569 1211 nisi
2592 1146 2878 1231 legitime

446 1253 802 1317 certauerit.

582 1382 600 1413 ‘
626 1388 696 1443 et
746 1378 1019 1464 quidem
1067 1380 1359 1446 athletas
1399 1402 1680 1447 coronas
1735 1381 2013 1464 adsequi
2069 1380 2458 1464 inpossibile
2503 1388 2606 1445 est
2649 1379 2705 1443 si
2738 1398 2875 1443 non

348 1506 428 1555 10
451 1482 633 1548 solae
681 1482 1057 1548 athletitiae
1107 1483 1501 1567 disciplinae
1562 1485 1971 1549 intenderint
2020 1484 2099 1549 et*
2149 1485 2216 1548 in
2271 1485 2412 1549 eius
2461 1484 2875 1568 perstiterint

452 1586 729 1671 legibuS.
816 1588 914 1652 sic
964 1587 1179 1652 multo
1240 1590 1454 1673 magis
1514 1588 1760 1654 decens
1821 1598 1924 1654 est
1983 1598 2052 1653 te
2105 1588 2248 1660 siue
2296 1590 2489 1671 quasi
2549 1587 2872 1653 athletam

451 1691 594 1755 siue
640 1690 833 1775 quasi
908 1690 1191 1755 militem
1255 1690 1503 1757 Christi
1573 1692 1884 1757 cohibere
1951 1713 1993 1756 a
2053 1681 2508 1775 corporalibus
2571 1692 2875 1777 negotiis,

452 1794 801 1860 intendere
846 1814 1005 1859 uero
1064 1794 1249 1859 solae
1308 1793 1578 1878 pietati!
1672 1804 1739 1861 et
1787 1794 1948 1879 quia
1998 1794 2394 1859 exhortatus
2444 1803 2546 1859 est
2596 1816 2748 1861 eum
2802 1804 2876 1861 ut

454 1898 709 1964 nullam
762 1896 1275 1963 sollicitudinem
1323 1899 1412 1963 de
1464 1896 1914 1963 saecularibus
1965 1897 2215 1963 habeat
2267 1899 2570 1981 negotiis,
2617 1901 2737 1964 sed
2788 1900 2875 1965 ad

352 2012 423 2079 15
456 2002 570 2067 illa
601 2010 864 2066 tantum
896 2001 1201 2066 intendat
1232 2022 1406 2086 quae
1435 2002 1525 2067 ad
1557 2002 1918 2066 utilitatem
1950 2002 2287 2086 pertinent
2316 2001 2619 2081 aliorum,
2651 2024 2877 2068 neces-

455 2108 617 2171 sitas
670 2104 933 2189 fiagitat
982 2104 1280 2170 humana
1339 2106 1543 2171 etiam
1598 2105 1685 2170 de
1734 2104 1864 2169 illis
1917 2104 2206 2189 perquiri
2256 2125 2433 2189 quae
2481 2126 2639 2189 erga
2693 2128 2878 2172 escas

456 2219 613 2275 sunt
636 2220 705 2276 et
734 2211 1201 2277 indumentum
1226 2231 1243 2276 ε

586 2378 985 2446 laborantem
1046 2379 1315 2465 (inquit)
1377 2378 1739 2463 agricolam
1796 2388 2038 2464 oportet
2075 2379 2378 2463 primum
2430 2380 2510 2444 de
2539 2378 2884 2464 fructibus

444 2484 866 2569 partzczpare.
951 2482 1239 2567 intellege
1276 2504 1441 2566 quae
1480 2483 1620 2548 dico
1637 2506 1669 2560 ,·
1723 2482 1911 2549 dabit
1952 2484 2127 2548 euim
2167 2483 2293 2548 tibi
2325 2484 2658 2550 Dominus
2698 2486 2879 2552 intel-

350 2607 435 2656 20
458 2591 687 2655 lectum
717 2589 799 2653 de
824 2588 1138 2654 omnibus.

565 2787 584 2821 1
635 2771 911 2837 probabilis
962 2770 1030 2820 H
1065 2767 1075 2834 Ι
1116 2767 1341 2820 inuenire
1378 2769 1457 2820 C*
1539 2769 1753 2820 inueniri
1808 2769 2094 2820 desiderant
2150 2771 2194 2820 C
2245 2771 2395 2832 (corr)
2482 2770 2802 2820 inueniuntur
2851 2787 2882 2820 r

459 2871 491 2920 3
526 2853 829 2918 impleantur
867 2853 936 2903 H
952 2849 961 2917 Ι
991 2852 1058 2902 de
1096 2852 1196 2917 (ast
1226 2852 1395 2913 ualde)
1434 2851 1539 2901 add
1568 2852 1636 2902 H
1657 2849 1666 2916 Ι
1692 2851 1797 2901 dixi
1835 2853 1905 2902 H
2267 2864 2294 2915 7
2329 2866 2448 2902 nam
2488 2859 2538 2902 et
2576 2853 2668 2902 Sec.
2707 2853 2785 2916 [as
2819 2853 2880 2902 in

472 2935 640 3000 Vulg.]
682 2951 717 2986 r
1112 2947 1144 2998 9
1176 2939 1231 2983 et
1268 2933 1474 2998 quidem
1518 2934 1585 2984 ad
1629 2933 1755 2983 letas
1799 2948 2011 2984 coronas
2061 2933 2105 2983 C
2163 2942 2216 2984 et
2261 2933 2348 2999 qui
2377 2930 2386 2999 Ι
2413 2949 2468 2983 as
2513 2933 2626 2996 [sic]
2671 2949 2883 2984 coronas

459 3016 633 3066 beatas
668 3014 740 3064 H
814 3020 866 3064 et
904 3013 1079 3064 beatas
1115 3029 1326 3065 coronas
1364 3030 1398 3064 r
1651 3028 1710 3064 ιο
1741 3015 1879 3065 solae
1913 3014 2066 3077 [cor-r:
2101 3015 2216 3077 soli]
2250 3015 2316 3064 ad
2348 3015 2478 3065 letae
2511 3015 2806 3080 disciplinae
2843 3014 2890 3064 C

462 3097 571 3146 sole
601 3095 667 3146 ad
698 3094 890 3145 letitiae
920 3094 1046 3144 disc.
1069 3096 1138 3144 H
1193 3095 1358 3145 solum
1388 3095 1457 3145 ad
1488 3095 1708 3146 laetitiae
1743 3096 2061 3160 disciplinam
2094 3113 2126 3146 r
2149 3095 2163 3160 11
2189 3103 2238 3146 et
2268 3096 2322 3146 in
2355 3096 2462 3146 eius
2494 3096 2787 3162 pertinerint
2819 3094 2886 3157 [ἲ]

467 3178 511 3228 C
516 3176 547 3204 ⁴*
602 3186 653 3228 et
680 3177 735 3227 in
756 3191 799 3227 e.
829 3176 1150 3242 perstiterunt
1176 3178 1219 3227 C
1241 3175 1387 3242 (corr)
1440 3184 1493 3228 et
1514 3177 1568 3227 in
1589 3193 1636 3228 e.
1651 3176 1958 3242 perstiterint
1978 3177 2045 3226 H
2090 3179 2179 3228 sed
2202 3177 2353 3228 etiam
2378 3177 2430 3227 in
2451 3193 2494 3228 e.
2522 3177 2837 3243 persteterint
2859 3193 2894 3224 r

469 3274 523 3309 11
561 3259 783 3309 adletam
811 3260 854 3309 C
905 3258 1149 3308 athletam
1182 3259 1295 3309 Hr
1559 3273 1617 3308 ια
1653 3275 1714 3309 ea
1735 3258 1854 3324 (for
1870 3257 1920 3322 a)
1945 3259 2013 3307 H
2270 3258 2330 3309 16
2361 3258 2449 3323 qui
2471 3257 2563 3323 ΗΙ
2594 3274 2708 3307 esca
2735 3257 2811 3307 C*
2835 3257 2904 3307 H

464 3355 633 3392 escam
654 3357 688 3392 r
884 3342 945 3391 18
978 3340 1141 3406 inquit
1164 3356 1241 3390 om
1264 3357 1297 3390 r
1496 3354 1556 3406 ¹9
1588 3340 1823 3405 particioe
1848 3337 1952 3404 (sic)
1975 3341 2042 3390 H
2096 3339 2323 3405 accipere
2347 3337 2464 3405 (for
2481 3337 2799 3405 participare)
2822 3355 2850 3388 c

536 3522 584 3556 α.
640 3505 1163 3572 opere...intmdentes]
1226 3506 1355 3558 This
1376 3514 1629 3558 construe·
1729 3506 1833 3556 For
1855 3507 2110 3572 examples
2131 3506 2192 3557 of
2210 3507 2481 3572 adjectivoe
2503 3508 2558 3556 in
2578 3507 2718 3568 -tius,
2747 3505 2887 3567 -cius,

468 3593 577 3643 tion
594 3591 639 3641 is
660 3591 897 3656 repeated
918 3590 1099 3650 below,
1128 3607 1181 3656 p.
1206 3589 1380 3649 216,1.
1410 3605 1457 3656 9.
1729 3587 1792 3640 cf.
1851 3589 2073 3650 Ronsch‚
2121 3591 2278 3650 Itala,
2326 3607 2379 3655 p.
2435 3605 2521 3641 121
2570 3606 2647 3656 sq.
2736 3592 2890 3642 From

534 3687 579 3736 3.
654 3669 1001 3737 implicantur]
1032 3672 1379 3730 ἐμπλέκονται.
1436 3670 1517 3722 Cf.
1536 3671 1630 3722 im-
1728 3671 1914 3722 athleta
1943 3672 2029 3723 the
2059 3672 2190 3723 lexx.
2215 3673 2332 3739 give
2360 3673 2634 3734 athleticus,
2661 3674 2761 3723 and
2790 3675 2890 3724 this

456 3755 621 3820 plicat
638 3771 688 3804 sc
710 3752 1059 3819 (ἐμπλέκεται),
1087 3761 1256 3819 supra,
1281 3771 1331 3820 p.
1358 3767 1468 3816 203,
1491 3753 1524 3804 1.
1552 3753 1630 3806 16.
1729 3771 1847 3820 may
1881 3755 2104 3820 possibly
2134 3755 2265 3806 bave
2302 3756 2432 3806 been
2470 3755 2556 3806 the
2593 3754 2722 3806 form
2760 3755 2888 3806 from

469 3839 582 3890 The
604 3839 796 3902 change
818 3836 878 3888 of
890 3837 1103 3888 number
1124 3835 1166 3887 is
1188 3837 1287 3886 due
1315 3844 1369 3886 to
1392 3837 1478 3886 the
1500 3835 1629 3886 form
1731 3835 1895 3885 which
1907 3834 1991 3885 the
1999 3835 2232 3901 readings
2248 3835 2307 3886 os
2313 3851 2406 3886 our
2417 3835 2569 3888 MSS.
2591 3837 2889 3902 originated.

468 3921 529 3972 of
560 3921 647 3971 the
684 3921 955 3986 preceding
996 3927 1231 3970 sentence
1276 3919 1389 3984 (qui
1428 3920 1624 3980 uolunt,
1729 3918 2032 3969 Solae=soli
2061 3919 2202 3980 (bu->3
2235 3917 2299 3969 cf.
2331 3919 2552 3980 Ronsch‚
2579 3935 2631 3984 p.
2662 3918 2776 3983 276.

468 4001 616 4063 &c.);
652 4001 709 4051 in
736 4001 823 4051 the
847 4007 967 4051 next
990 4001 1091 4050 line
1114 3999 1215 4050 Th.
1238 4007 1433 4050 returns
1463 4008 1517 4051 to
1543 4000 1629 4050 the
1801 4015 1877 4065 13.
1942 4007 1989 4050 et
2022 3998 2590 4065 qma...indumentum]
2637 3999 2790 4051 Cited
2823 4001 2894 4066 by

466 4085 596 4149 sing.
622 4084 929 4149 (implicatus
950 4084 1056 4144 est).
1729 4081 1996 4132 lanfranc.

535 4179 583 4230 7.
648 4167 696 4214 si
719 4171 900 4227 autem,
928 4164 1041 4226 δῖα]
1078 4163 1157 4214 ἐὰν
1192 4166 1246 4216 δὲ
1275 4165 1357 4215 καὶ
1383 4161 1511 4228 ἀθλῇ
1539 4183 1623 4218 τις.
1798 4180 1874 4230 19.
1929 4163 2261 4230 particzpare]
2293 4165 2532 4227 Clarom.,
2559 4165 2833 4231 “accipere
2843 4165 2892 4225 ;”

470 4249 541 4300 So
593 4246 769 4311 Cypr„
830 4247 961 4297 “sed
1009 4247 1101 4296 etsi
1147 4248 1411 4299 certauerit
1454 4245 1628 4313 quis;’'
1725 4245 2005 4314 Vulg.⁰¹⁶¹¹²·,
2053 4247 2404 4315 “percipere.”
2483 4250 2792 4299 Intellectum
2835 4250 2894 4298 de

466 4327 637 4392 Vulg.,
667 4332 825 4376 “nam
850 4333 899 4376 et
923 4326 1009 4391 qui
1030 4334 1185 4377 certat
1208 4327 1262 4377 in
1282 4327 1495 4392 agone.”
1725 4328 1954 4379 omnibus
1967 4347 1989 4387 ,·
2059 4329 2233 4395 Vulg.,
2297 4334 2332 4358 “
2349 4330 2400 4380 in
2461 4330 2695 4380 omnibus
2747 4329 2890 4379 intel-

532 4426 577 4477 9.
650 4407 874 4469 athletas,
922 4407 1215 4469 athletitiac]
1305 4409 1400 4459 See
1440 4425 1519 4459 vv.
1567 4410 1622 4458 ll.
1725 4409 1925 4461 lectum.
1935 4409 1964 4431 ”
