3250 5025
307 344 442 411 111.
484 363 578 421 10,
619 345 741 429 η]
1036 358 1117 408 IN
1168 359 1273 409 ΕΡ.
1318 360 1423 409 AD
1468 358 1934 411 Tmo‘rHEuM
1985 358 2061 409 11.
2601 364 2730 427 219

308 558 389 602 eo
449 520 660 621 quod*
696 558 1061 621 numquam
1123 538 1419 621 poterim:
1481 537 1764 602 deficere
1822 537 1888 601 hi
1951 536 2065 619 qui
2127 536 2490 600 secundum
2553 538 2734 601 dicta

307 650 539 704 eorum·
601 640 865 705 faciunt.
955 641 1162 705 adicit
1222 641 1509 725 denique
1574 642 1844 705 dicens:
1917 650 1980 704 et
2033 660 2240 703 sermo
2295 661 2515 703 eorum
2567 640 2736 704 sicut

304 765 530 808 cancer
560 744 773 827 serpit.
862 744 990 809 hoc
1032 767 1190 810 uero
1235 745 1300 808 in
1340 746 1489 810 loco
1535 746 1716 828 apud
1764 766 1879 810 eos
1917 746 2029 828 qui
2077 744 2358 826 probare
2398 745 2732 810 sufficiunt

308 848 657 910 ueritatem
703 848 881 911 dixit
928 868 1062 911 non
1114 849 1429 932 proficere
1478 872 1611 927 e03‚
1665 851 1823 933 quia
1873 851 1939 914 In
1981 850 2308 932 principio
2357 848 2734 931 frequenter

310 948 501 1013 multi
533 948 837 1013 homines
869 950 957 1013 de
989 949 1118 1014 illis
1164 952 1535 1014 nescientes
1576 954 1801 1035 specie
1843 974 2072 1017 eorum
2107 974 2185 1016 ac
2215 952 2557 1016 schemate
2588 953 2732 1017 solo
2811 964 2842 1029 5

309 1053 700 1130 inescantur,
754 1053 868 1135 qui
925 1061 1231 1135 tempore
1279 1054 1564 1117 currenti
1619 1058 1991 1119 necessario
2045 1056 2440 1139 dogmatum
2502 1077 2730 1120 eorum
2779 1088 2784 1092 ·

304 1156 805 1228 subuersionem
839 1169 1317 1241 cognoscentes
1350 1158 1597 1222 habere
1630 1160 1715 1222 ab
1748 1160 1851 1223 his
1895 1158 2271 1245 poterunt*
2362 1161 2540 1242 quod
2576 1179 2733 1242 ergo

308 1261 485 1326 dixit
525 1282 651 1326 non
668 1264 1023 1348 proficient,
1057 1264 1427 1329 secundum
1464 1262 1625 1327 illud
1659 1264 1838 1327 dixit
1869 1264 2049 1347 quod
2099 1264 2309 1328 latere
2352 1264 2614 1346 possint
2645 1263 2732 1325 ad

306 1372 613 1446 tempus;
660 1366 839 1429 unde
884 1376 953 1429 et
993 1368 1277 1431 adiecit:
1326 1366 1699 1449 insipientia
1742 1366 1916 1430 enim
1960 1388 2177 1431 eorum
2209 1368 2564 1449 manifesta
2591 1366 2732 1429 erit.

304 1487 425 1549 per
476 1468 701 1531 omnia
749 1490 907 1552 ergo
965 1471 1093 1533 ista
1143 1468 1525 1533 consolatus
1580 1478 1682 1533 est
1735 1468 2170 1534 Timotheum
2211 1479 2286 1534 ut
2338 1491 2419 1533 ne
2452 1473 2730 1535 nimium
2771 1488 2848 1535 10

306 1570 735 1654 adfligeretur
763 1594 886 1655 pro
919 1572 1049 1637 illis
1080 1574 1193 1656 qui
1226 1574 1295 1637 in
1340 1574 1634 1638 deterius
1671 1584 1962 1658 serpunt.
2053 1576 2190 1638 suis
2233 1594 2392 1638 uero
2435 1574 2728 1639 consiliis

306 1677 551 1741 incitat
583 1698 735 1741 eum
769 1679 996 1742 dicens
1030 1698 1044 1741 ε

438 1840 509 1894 tu
568 1840 785 1895 autem
844 1831 1211 1895 subsecutus
1267 1849 1333 1893 es
1386 1849 1595 1892 meam
1647 1828 2027 1905 doctrinam,
2080 1848 2291 1891 meum
2341 1829 2730 1908 institutum,

291 1936 709 2018 propositum,
731 1936 957 2019 fidem,
995 1934 1577 2019 longanimitatem,
1616 1932 1975 2010 caritatem,
2003 1931 2418 2015 patientiam,
2445 1945 2732 2016 persecu-

304 2041 520 2119 tiones,
538 2042 887 2125 passioneS.
2771 2066 2840 2131 15

440 2168 741 2246 ‘semper
792 2162 1058 2245 (inquit)
1112 2180 1373 2224 mecum
1424 2177 1850 2223 commorans
1897 2156 2134 2220 horum
2195 2155 2732 2238 experimentum

304 2267 635 2350 accepisti,
668 2268 917 2331 docens
958 2266 1183 2349 qualia
1224 2264 1497 2347 quidem
1554 2264 1696 2345 ipse
1742 2260 1906 2325 alios
1945 2261 2184 2325 docere
2237 2280 2730 2333 consueueram,

304 2372 878 2453 quemadmodum
936 2392 1094 2434 uero
1150 2370 1481 2452 meipsum
1544 2366 2021 2443 instituebam;
2097 2362 2202 2427 uel
2250 2364 2408 2445 quia
2455 2362 2568 2426 illa
2613 2384 2733 2444 per

304 2473 606 2557 singulos
683 2474 826 2538 dies
886 2494 1083 2557 agere
1142 2471 1585 2556 properabam
1651 2489 1809 2553 erga
1869 2468 2088 2554 fidem,
2153 2467 2727 2551 quemadmodum

306 2579 376 2641 in
438 2600 519 2642 ea
565 2579 709 2642 sine
770 2579 907 2642 ulla
966 2579 1403 2661 persistebam
1468 2574 1740 2649 malitia,
1804 2583 1873 2638 et
1947 2573 2232 2657 diligens
2309 2581 2585 2636 cunctos
2661 2581 2730 2636 et
2761 2589 2846 2638 20

305 2684 675 2764 sustinens;
736 2693 805 2748 et
849 2684 1031 2767 quod
1076 2705 1229 2748 cum
1278 2682 1491 2746 multa
1536 2679 1986 2745 oblectatione
2038 2680 2532 2762 persecutiones
2581 2677 2727 2742 illas

303 2806 469 2868 quas
502 2789 662 2852 mihi
694 2789 1053 2855 aduersarii
1087 2789 1462 2852 inferebant
1492 2785 1941 2851 sustinuerim.
2032 2784 2199 2848 haec
2239 2804 2400 2866 ergo
2439 2783 2724 2859 imitare,

303 2903 371 2957 et
403 2915 560 2977 erga
592 2893 720 2957 ista
750 2891 1264 2955 sollicitudinem
1298 2889 1629 2972 expende,
1663 2887 1904 2953 nuliius
1949 2889 2272 2952 momenti
2311 2887 2725 2951 aduersarios

302 3019 449 3062 esse
498 2995 929 3060 existimans!
1021 2994 1264 3059 deinde
1318 2994 1479 3058 dicit
1526 3002 1595 3057 et
1645 2993 1989 3075 passiones
2039 2992 2216 3074 ipsas
2270 2990 2356 3056 ad
2412 2989 2727 3055 exhorta-

302 3103 556 3165 tionem
590 3099 932 3163 Timothei
965 3118 979 3160 :
2707 3177 2722 3188 ‚
2757 3109 2792 3156 2
2803 3105 2834 3173 5

432 3236 732 3324 ἀνωτέρω
766 3235 879 3301 ἐπὶ
908 3238 1035 3300 τῶν
1057 3233 1508 3317 ἀπατωμένων
1538 3233 1740 3317 λέγει,
1777 3231 1859 3305 ὥς
1891 3231 1971 3297 ἂν
2003 3231 2314 3298 οὕδεπότε
2345 3233 2727 3321 ἐπιλειψόν-

298 3367 433 3407 των
477 3340 697 3410 αὐτοῖς
742 3341 872 3405 τῶν
916 3338 1319 3423 πειθομένων
1364 3337 1457 3410 οἷς
1502 3337 1830 3421 λέγουσιν.
1923 3336 2200 3402 ἐνταῦθα
2242 3335 2314 3402 δὲ
2363 3337 2546 3425 παρὰ
2590 3343 2726 3411 τοῖς

300 3449 416 3526 τῆς
446 3443 756 3524 ἀληθείας
798 3441 1231 3527 δοκιμασταῖς
1270 3439 1345 3508 ου’
1388 3441 1796 3529 προκόπτειν
1835 3439 2074 3509 αὐτούς
2115 3445 2351 3526 φησιν·
2399 3440 2467 3506 οἳ
2497 3440 2626 3526 *γτὶρ
2655 3441 2726 3509 ἐν

298 3547 476 3636 ἀρχῇ
513 3543 847 3615 πολλάκις
895 3545 1079 3611 οὔπω
1125 3544 1209 3610 τὰ
1255 3541 1401 3611 κατ’
1444 3542 1681 3614 αὐτοὺς
1723 3542 1974 3620 εἰδότες,
2017 3546 2112 3630 τῷ
2157 3540 2463 3630 σχήματι
2502 3543 2724 3610 δελεά-

284 3653 541 3737 {oman
604 3651 698 3736 τῷ
771 3647 989 3737 χρόνῳ
1049 3647 1271 3731 μέντοι
1340 3645 1459 3728 τὴν
1534 3646 1815 3713 ἐνοῦσαν
1890 3641 2106 3716 αὐτοῖς
2179 3650 2311 3711 τῶν
2383 3644 2724 3731 δογμάτων
2753 3675 2838 3740 30

299 3751 661 3841 διαφθορὰν
710 3749 1285 3836 ἐπιγινώσκουσιν.

402 3895 422 3929 1
460 3877 607 3928 dictis
636 3877 681 3926 C
689 3877 757 3925 Η
768 3893 780 3924 z
812 3882 895 3924 txt
914 3891 947 3924 r
1116 3889 1143 3924 α
1180 3882 1234 3924 ut
1260 3874 1372 3940 (fhr
1390 3871 1539 3938 sicut)
1564 3890 1597 3923 r
1760 3890 1788 3938 3
1823 3888 2033 3937 prauare
2061 3873 2106 3922 C
2122 3874 2191 3921 Η
2214 3873 2559 3938 deprauarer=
2593 3882 2672 3925 txt
2685 3893 2728 3941 g

297 3975 324 4025 5
361 3959 577 4026 speciem
600 3973 645 4006 e.
671 3973 729 4007 ac
752 3971 919 4006 scema
940 3955 1101 4004 solum
1126 3963 1401 4020 agnoscunt
1424 3972 1456 4004 r
1483 3953 1491 4020 Ι
1520 3955 1628 4004 sola
1657 3954 1702 4004 C
1718 3955 1786 4003 H
2020 3965 2045 4014 7
2081 3953 2133 4002 in
2157 3953 2272 4018 (jbr
2290 3953 2374 4019 ab)
2401 3967 2432 4002 r
2453 3954 2461 4018 Ι
2491 3964 2723 4020 poterant

294 4045 363 4092 H
380 4042 389 4106 Ι
419 4057 513 4106 ego
536 4040 640 4089 dixi
666 4038 779 4103 (sor
799 4054 918 4102 ergo
942 4037 1086 4096 dixit)
1110 4039 1177 4086 H
1452 4040 1483 4087 8
1517 4051 1846 4090 erroneorum
1873 4033 1970 4098 (oft
1993 4033 2145 4100 quod)
2170 4036 2274 4085 add
2291 4052 2322 4084 r
2346 4033 2356 4101 Ι
2385 4038 2539 4102 possit
2569 4039 2612 4086 C
2621 4039 2690 4087 Η
2691 4056 2724 4089 r

299 4138 357 4186 13
392 4130 643 4172 assecutus
666 4137 697 4170 r
860 4136 915 4180 14
952 4119 1191 4184 pietatem
1217 4119 1313 4184 (ast
1332 4117 1455 4180 car.)
1480 4118 1584 4167 add
1600 4134 1634 4166 r
1792 4131 1846 4179 15
1884 4116 2140 4180 passiones
2161 4133 2240 4166 om
2255 4119 2325 4166 Η
2481 4132 2540 4166 22
2577 4119 2719 4169 susti-

292 4203 547 4252 nuerimus
568 4201 637 4250 H
840 4215 901 4264 ‘23
937 4199 1173 4248 mementi
1199 4198 1305 4264 (sic)
1330 4201 1399 4248 Η
1636 4197 1698 4248 26
1731 4215 1806 4262 sq.
1833 4198 1988 4246 Coisl.
2015 4213 2124 4260 204,
2155 4197 2190 4246 f.
2217 4214 2312 4266 219
2334 4199 2369 4248 b
2391 4200 2499 4261 [Cr.
2525 4199 2608 4249 vii.
2638 4201 2719 4264 73]

290 4283 431 4335 ἄλλος
452 4285 505 4332 δέ
528 4283 691 4346 φησίν·
730 4281 967 4346 ἀνωτέρω,
992 4274 1138 4332 xer->xi
1339 4285 1401 4334 28
1435 4285 1480 4332 οἱ
1502 4283 1615 4332 cod.
1643 4283 1727 4332 Cr.
1931 4298 1988 4346 31
2029 4280 2256 4346 διαφορὰν
2279 4281 2365 4332 Cr.

363 4416 409 4465 7.
476 4401 649 4450 habere
682 4401 744 4450 ab
782 4401 883 4462 his]
948 4401 1029 4452 Sc.
1067 4401 1221 4450 se-——“
1236 4408 1289 4450 to
1324 4401 1454 4468 keep
1631 4413 1705 4462 13.
1785 4399 2073 4448 institutum
2183 4398 2459 4462 caritatem]
2547 4400 2717 4464 Vulg.,

294 4483 435 4533 aloof
452 4483 579 4534 from
603 4483 739 4534 them
753 4481 781 4504 ’'
803 4484 879 4546 (Ρ).
1560 4489 1589 4510 “
1608 4481 2005 4534 institutionem..
2017 4482 2405 4534 ‚dilectionem.'’
