3250 5025
521 342 642 422 164
1182 351 1640 404 TnEoDouus
1689 350 2279 404 MOPSUESTENUS
2694 337 2797 420 [V.
2838 353 2911 419 13

512 529 692 610 quod
721 527 1058 594 Christum
1083 529 1531 612 promiserunt
1555 529 2004 613 spernendum
2028 550 2175 593 esse
2199 530 2776 608 existimauerunt,
2802 531 2935 615 pri-

514 652 694 695 mam
719 633 1058 697 duntaxat
1081 633 1282 698 fidem
1305 635 1574 698 inritam
1595 635 1950 699 facientes?
2011 655 2132 698 nec
2156 644 2381 699 autem
2410 636 2496 700 de
2527 636 2777 719 nuptiis
2806 636 2935 699 ista

511 735 706 814 dixit,
759 738 931 802 sicut
977 738 1253 821 quidam
1308 759 1348 802 a
1397 740 1612 804 multa
1660 740 2057 823 desipientia
2096 741 2413 823 suspicati
2462 750 2635 818 sunt,
2679 741 2795 804 sed
2848 739 2936 802 de

514 840 921 923 professione
973 842 1150 906 dixit
1199 844 1582 922 uiduitatis;
1651 845 1808 926 quia
1856 865 1979 908 nec
2018 843 2120 907 fas
2172 853 2313 907 erat
2353 854 2429 909 ut
2470 843 2933 928 dampnationi

448 944 850 1018 Sobnoxias
908 945 1156 1009 diceret
1209 946 1354 1010 illas
1413 967 1589 1029 quae
1649 947 1809 1011 illud
1871 947 2123 1011 faciunt
2177 948 2358 1031 quod
2410 948 2523 1011 ille
2570 948 2709 1011 fieri
2753 949 2936 1011 uisus

514 1057 618 1112 est
646 1048 979 1113 adnuisse.
1070 1058 1138 1113 et
1169 1051 1528 1113 otiositatis
1560 1051 1767 1133 ipsius
1799 1051 2123 1114 malitiam
2156 1053 2536 1133 explanans
2567 1053 2812 1115 adiecit
2842 1071 2857 1114 :

641 1183 851 1248 simul
870 1194 1088 1248 autem
1117 1195 1181 1248 et
1205 1185 1444 1250 otiosae
1472 1185 1741 1249 discunt
1764 1184 2032 1249 circuire
2060 1185 2294 1261 domos,
2324 1207 2449 1247 non
2478 1187 2688 1250 solum
2717 1199 2936 1252 autem

511 1290 748 1354 otiosae
773 1289 893 1352 sed
911 1298 976 1352 et
1002 1288 1298 1353 uerbosae
1324 1298 1388 1352 et
1413 1289 1718 1363 curiosae,
1750 1289 2067 1369 loquentes
2095 1307 2259 1367 quae
2285 1307 2411 1349 non
2440 1289 2842 1352 conueniunt.

643 1392 771 1456 hoc
816 1393 962 1456 uult
1008 1413 1126 1474 per
1177 1394 1306 1455 ista
1353 1393 1580 1455 omnia
1629 1394 1877 1469 dicere:
1913 1392 2230 1474 quoniam
2293 1392 2544 1456 nullam
2604 1391 2931 1456 habentes

408 1516 488 1564 10
513 1495 1025 1561 sollicitudinem
1075 1495 1517 1577 corporalium
1567 1496 1730 1558 dum
1792 1516 2060 1559 securae
2106 1496 2562 1576 adsequuntur
2604 1497 2715 1559 illa
2759 1518 2934 1579 quae

512 1602 660 1665 usui
704 1607 860 1663 sunt
907 1599 1294 1671 necessaria,
1326 1600 1594 1664 discunt
1638 1611 1708 1664 et
1738 1621 1827 1663 ex
1876 1601 2021 1682 ipsa
2067 1600 2381 1682 largitate
2412 1602 2678 1664 studere
2708 1602 2933 1664 otiosi-

510 1705 677 1782 tati3
762 1723 884 1766 nec
943 1711 1169 1764 autem
1230 1713 1332 1766 est
1391 1703 1528 1768 ulla
1586 1727 1693 1769 res
1746 1714 1919 1789 qua'e
1968 1707 2117 1770 illas
2163 1707 2377 1789 possit
2414 1705 2590 1769 ultra
2630 1707 2716 1769 ad
2764 1726 2936 1788 opus

511 1806 858 1871 cohortari.
949 1807 1203 1870 otiosae
1256 1828 1416 1872 uero
1465 1819 1781 1875 extantes
1830 1821 2076 1874 uacant
2131 1831 2289 1893 erga
2325 1810 2823 1881 uerbositatem,
2866 1818 2935 1872 et

511 1918 870 1993 properant
918 1910 1158 1972 horum
1209 1912 1389 1975 dicta
1428 1914 1514 1977 ad
1566 1913 1715 1976 illos
1754 1913 2007 1977 deferre
2052 1923 2121 1976 et
2163 1913 2423 1976 illorum
2473 1913 2560 1976 ad
2611 1913 2818 1989 istos;
2868 1921 2935 1974 et

409 2032 479 2100 15
513 2033 602 2076 ex
650 2011 780 2076 hoc
825 2015 1278 2078 adnascuntur
1325 2018 1651 2094 tristitiae,
1703 2018 1863 2082 dum
1914 2020 1999 2082 de
2053 2019 2288 2082 alienis
2334 2017 2591 2081 curiose
2638 2023 2933 2098 agenteS,

516 2116 695 2200 loqui
757 2117 869 2180 illa
917 2119 1190 2183 student
1242 2141 1415 2204 quae
1455 2121 1638 2205 loqui
1690 2123 1963 2186 minime
2004 2131 2285 2206 oportet.
2375 2121 2465 2184 ob
2512 2119 2685 2183 hanc
2738 2119 2937 2201 igitur

513 2241 784 2285 causam
816 2221 1216 2304 significauit
1249 2226 1315 2287 in
1348 2227 1795 2308 superioribus
1826 2237 1894 2291 et
1926 2237 2219 2292 aetatem
2252 2236 2321 2290 et
2365 2245 2601 2300 moreS,
2634 2232 2935 2286 statuens

514 2341 589 2395 ut
620 2351 790 2415 quae
821 2352 980 2415 erga
1009 2334 1232 2397 studia
1260 2335 1582 2398 uirtutum
1614 2357 1843 2400 curam
1875 2357 2010 2400 non
2045 2335 2443 2418 impendunt
2488 2329 2935 2395 ecclesiastico

515 2444 787 2519 sumptu
831 2435 1105 2499 minime
1153 2438 1541 2501 nutriantur.
1634 2459 1791 2501 nam
1834 2439 1985 2501 illae
2023 2459 2196 2521 quae
2236 2437 2302 2499 in
2342 2438 2687 2500 iuuentute
2719 2432 2937 2497 adhuc

404 2558 491 2605 20
516 2540 686 2603 tales
714 2548 873 2603 sunt
903 2539 1152 2604 debent
1183 2560 1341 2623 erga
1371 2544 1623 2605 uictum
1656 2543 1951 2624 corporis
1982 2542 2497 2605 sollicitudinem
2529 2542 2938 2623 expendere,

516 2664 597 2706 eo
626 2642 808 2725 quod
842 2643 1052 2725 possit
1093 2642 1245 2705 talis
1287 2644 1665 2707 sollicitudo
1702 2646 1905 2707 etiam
1953 2664 2111 2727 erga
2152 2644 2447 2707 studium
2495 2644 2765 2725 pietatis
2806 2643 2937 2707 illis

517 2747 800 2810 multum
851 2745 1180 2827 prodesse,
1227 2767 1309 2809 eo
1348 2748 1528 2830 quod
1576 2748 1721 2829 ipsa
1772 2747 2151 2810 sollicitudo
2190 2746 2659 2811 alimentorum
2712 2755 2939 2827 potest

617 2896 639 2931 1
679 2894 828 2943 quem
853 2878 968 2943 (jor
984 2876 1142 2943 quod)
1171 2878 1242 2929 C‘
1260 2881 1329 2929 H
1334 2897 1366 2928 r
1391 2878 1400 2941 1
1429 2880 1631 2931 Christo
1660 2882 1705 2930 C
1724 2880 1871 2941 (corr)
1902 2878 1910 2943 Ι
1940 2880 2145 2945 promis,
2173 2880 2296 2931 Chr.
2321 2896 2355 2928 r
2560 2895 2589 2943 3
2623 2878 2941 2944 dissipientia

519 2960 598 3012 C*
623 2962 689 3010 H
905 2974 934 3023 5
968 2959 1043 3008 illi
1065 2975 1100 3008 r
1312 2958 1345 3011 6
1377 2961 1533 3026 ipsius
1551 2978 1631 3011 om
1654 2963 1721 3011 H
1737 2960 1747 3027 Ι
1776 2962 1931 3012 adicit
1958 2963 2000 3011 C
2019 2978 2051 3011 r
2264 2974 2291 3026 7
2326 2962 2585 3012 circumire
2612 2962 2657 3011 C
2673 2978 2706 3009 r
2731 2960 2739 3025 Ι
2770 2968 2939 3010 autem

513 3059 591 3093 om
614 3058 649 3091 r
884 3055 944 3089 10
976 3040 1326 3105 temporalium
1349 3040 1466 3107 (for
1483 3044 1641 3107 corp.)
1666 3044 1690 3091 l
1712 3041 1719 3107 Ι
1750 3043 1837 3093 diu
1862 3042 1975 3108 (for
1992 3041 2134 3106 dum)
2166 3042 2243 3093 C*
2480 3060 2534 3094 11
2571 3043 2649 3093 sui
2675 3041 2787 3108 (fir
2806 3040 2937 3104 usui)

519 3123 599 3175 C*
627 3121 637 3187 Ι
667 3129 718 3172 et
738 3138 816 3170 om
839 3137 871 3168 r
955 3154 962 3159 -
1007 3170 1016 3179 ,
1089 3137 1148 3186 ¹3
1170 3122 1462 3173 uerbositati
1487 3124 1600 3189 (for
1618 3140 1737 3189 erga
1758 3126 1832 3186 u.)
1855 3142 1888 3173 r
2106 3142 2167 3189 ¹4
2197 3125 2310 3174 illas
2337 3126 2381 3174 C
2400 3142 2431 3173 r
2456 3128 2466 3188 Ι
2492 3125 2613 3175 istas
2634 3140 2669 3173 r
2879 3138 2935 3187 15

515 3208 584 3257 ad
605 3206 721 3270 (sor
738 3204 823 3264 de)
847 3204 910 3253 Η
915 3203 944 3230 ⁵
1146 3203 1207 3255 16
1239 3206 1406 3271 eloqui
1430 3223 1463 3255 r
1683 3222 1739 3271 17
1776 3207 1991 3273 signauit
2017 3209 2084 3256 H
2276 3223 2333 3275 ¹9
2366 3208 2419 3257 in
2441 3206 2767 3273 (befiuuent.)
2789 3222 2866 3255 om
2895 3206 2941 3255 C

519 3303 584 3341 πο
617 3288 742 3339 tales
765 3286 842 3336 C*
1041 3302 1098 3338 21
1137 3287 1355 3339 sollicito
1382 3288 1461 3338 C*

590 3413 632 3447 1.
702 3391 836 3458 quod
872 3391 1132 3441 Christum
1159 3393 1527 3457 promiserunt]
1580 3394 1679 3445 See
1778 3395 1899 3443 bono
1932 3393 2035 3444 uid.
2086 3410 2173 3445 12:
2213 3396 2363 3445 “non
2399 3395 2517 3460 quia
2556 3394 2694 3459 ipsae
2733 3392 2939 3457 nuptiae

521 3494 601 3527 vv.
628 3477 684 3526 ll.
731 3474 844 3523 The
865 3473 1052 3524 double
1073 3490 1178 3524 acc.
1203 3475 1246 3525 is
1267 3475 1366 3526 due
1388 3483 1443 3525 to
1466 3476 1679 3526 careless
1780 3475 1861 3525 uel
1884 3475 2062 3526 talium
2096 3476 2415 3527 damnandae
2446 3476 2939 3526 iudicantur-...dam-

521 3560 738 3624 writing,
797 3558 1046 3624 probably
1085 3575 1152 3609 on
1203 3560 1290 3610 the
1333 3568 1450 3625 part
1493 3560 1553 3609 of
1589 3560 1678 3610 the
1726 3600 1731 3604 .
1780 3566 1963 3608 uantur
1985 3559 2125 3619 tales,
2153 3575 2255 3609 non
2289 3560 2407 3625 quia
2439 3560 2753 3624 coniugalem
2787 3558 2939 3608 fidem

523 3644 813 3696 translator.
1782 3640 2031 3704 posterius
2066 3642 2297 3701 inierunt,
2326 3642 2416 3692 sed
2449 3643 2566 3707 quia
2601 3642 2941 3691 continentiae
2995 3647 3007 3657 '

591 3743 635 3791 3.
707 3728 796 3777 sed
830 3728 892 3778 de
921 3724 1238 3793 professione,
1290 3724 1408 3787 δια]
1473 3724 1544 3777 So
1593 3724 1682 3774 the
1782 3724 1995 3791 primam
2031 3722 2182 3774 fidem
2208 3724 2398 3774 irritam
2423 3722 2699 3774 fecerunt.”
2770 3724 2940 3788 Pelag.

522 3811 694 3873 Apost.
736 3808 902 3858 Consi.
960 3808 1031 3857 iii.
1085 3824 1112 3857 α
1171 3808 1396 3870 (διγαμλα
1440 3808 1493 3855 δὲ
1535 3806 1686 3866 μετὰ
1782 3806 1847 3855 ad
1865 3806 1917 3855 h.
1935 3806 1992 3854 l.:
2019 3806 2288 3869 “primam
2305 3805 2664 3871 fidem...quae
2686 3806 2800 3869 [leg.
2816 3804 2939 3870 qua]

524 3891 908 3953 ἐπαγγελίαν
925 3889 1216 3953 παράνομον,
1243 3889 1300 3936 οὔ
1323 3884 1401 3937 διὰ
1427 3888 1517 3947 τὴν
1541 3890 1681 3937 σννά-
1782 3904 1837 3939 se
1859 3889 2036 3939 uiduas
2058 3888 2387 3954 promiserant
2411 3885 2812 3955 permansuras.”

525 3980 686 4035 φασιν,
733 3971 870 4021 ἀλλά
919 3968 1000 4021 διὰ
1034 3972 1092 4020 τὸ
1141 3969 1356 4034 ψεῦδος);
1415 3972 1516 4020 and
1555 3964 1683 4022 even
1849 3969 1896 4019 6.
1966 3970 2245 4032 otiositatis]
2305 3971 2402 4022 See
2440 3972 2661 4031 Ronsch,
2700 3972 2853 4031 Itala,
2894 3986 2943 4035 p.

525 4052 806 4103 Tertullian
827 4051 902 4118 (de
917 4068 1106 4117 monog.
1132 4068 1216 4115 13:
1246 4051 1508 4116 “primam
1531 4050 1683 4101 fidem
1784 4061 1861 4113 5²·
1936 4050 2016 4099 Cf.
2041 4052 2392 4111 acerbos-itatem,
2416 4051 2574 4117 infra,
2602 4052 2639 4101 l.
2672 4066 2691 4100 ι
2700 4067 2745 4115 3.

523 4136 847 4195 resciderunt,
868 4135 1008 4186 illam
1029 4136 1264 4185 uidelicet
1281 4150 1312 4183 a
1330 4135 1497 4198 quain
1519 4133 1683 4183 uidui-
1850 4134 1897 4181 8.
1964 4131 2286 4193 conueniunt]
2353 4132 2505 4181 Latin
2558 4132 2797 4187 versions,
2836 4132 2870 4156 ‘⁸
2890 4146 2945 4177 o·

528 4224 630 4265 tate
654 4216 888 4266 inuentae
921 4224 972 4266 et
1005 4214 1257 4282 professae
1289 4230 1402 4263 eam
1435 4228 1537 4263 non
1572 4229 1684 4278 per·
1783 4210 2003 4276 portet.’'

523 4304 788 4356 severant;
821 4304 1027 4362 propter
1048 4296 1188 4361 quod
1210 4296 1320 4345 uult
1355 4310 1440 4345 eas
1473 4295 1678 4356 nubere,
1851 4314 1899 4363 9.
1936 4293 2497 4363 quoniam...otiose‘tat2]
2562 4294 2711 4344 Cited
2728 4294 2795 4358 by
2812 4294 2947 4344 Lan-

527 4394 592 4427 ne
635 4378 888 4441 primam
940 4377 1114 4427 fidem
1162 4382 1489 4440 susceptae
1520 4376 1683 4425 uidui-
1785 4379 1941 4429 franc.

529 4460 646 4510 tatis
685 4467 860 4525 postea
895 4460 1183 4511 rescindant
1199 4457 1269 4519 ”).
1339 4458 1421 4507 Cf.
1462 4457 1596 4522 Aug.
1631 4458 1690 4507 de
1855 4475 1931 4524 13.
1988 4467 2187 4520 uacant,
2216 4458 2330 4520 ἂι]
2365 4458 2443 4509 Cf.
2477 4470 2537 4509 11.
2566 4474 2620 4523 p.
2644 4456 2723 4519 63,
2751 4458 2785 4507 l.
2817 4472 2845 4523 3
2868 4472 2942 4522 sq.
