3250 5025
525 383 649 464 196
1176 392 1634 447 THEODORUS
1681 393 2267 449 MOPSUESTENUS
2665 384 2744 470 [I.
2781 389 2845 465 6,
2877 402 2936 469 7.

650 588 849 650 quam
879 566 953 633 ob
980 586 1244 633 causam
1276 568 1492 653 magis
1518 584 1870 633 commoneo
1901 577 1960 633 te
1987 577 2065 633 ut
2105 568 2434 635 resuscites
2465 568 2766 654 gratiam
2796 570 2944 649 Dei,

519 691 681 755 quae
710 671 781 736 in
810 682 870 738 te
882 684 1009 757 per
1034 672 1475 757 inpositionem
1509 694 1828 737 manuum
1861 684 2292 738 mearum-est.

650 802 913 887 ‘itaque
942 804 1125 869 omni
1162 826 1253 869 ex
1293 813 1485 889 parte
1525 804 1851 888 competit
1891 803 2054 868 mihi
2092 824 2314 869 sermo
2353 804 2409 868 is
2449 804 2565 887 qui
2611 802 2697 868 ad
2740 811 2812 868 te
2856 803 2950 881 fit,

524 907 619 971 ita
649 907 822 971 utin
852 929 1054 993 opere
1086 910 1301 995 ipsam
1341 909 1630 993 gratiam
1673 909 1994 974 ostendas
2039 930 2242 993 quam
2291 930 2411 993 per
2455 909 2946 975 ordinationem

462 1028 493 1095 5
526 1030 845 1075 manuum
878 1032 1175 1079 mearum
1207 1014 1484 1097 adsequi
1522 1013 1767 1096 dignus
1812 1023 2114 1098 repertus
2151 1013 2257 1079 es?
2347 1014 2750 1079 sufficienter
2787 1034 2947 1080 uero

526 1119 815 1183 eundem
845 1127 951 1184 est
988 1117 1385 1183 adhortatus
1425 1126 1502 1181 ut
1545 1117 1730 1181 omni
1774 1117 1922 1185 nisu
1965 1117 2111 1182 aliis
2157 1118 2478 1182 adiuuare
2517 1119 2941 1202 deproperet,

514 1223 822 1310 gratiam
867 1243 1117 1288 uocans
1161 1222 1654 1286 ordinationem
1700 1220 1858 1286 eius,
1949 1241 2108 1285 nam
2155 1240 2277 1285 nee
2318 1221 2567 1286 iustum
2615 1230 2758 1287 erat
2795 1243 2949 1288 eum

528 1328 641 1412 qui
686 1326 985 1393 diuinam
1030 1326 1464 1391 donationem
1512 1325 1731 1390 fuerat
1774 1324 1901 1390 hac
1946 1325 2033 1389 de
2078 1346 2278 1390 causa
2324 1328 2681 1391 adsecutus
2728 1323 2954 1409 negle-

526 1451 683 1515 gere
729 1430 1154 1495 commissam
1202 1429 1330 1493 sibi
1375 1428 1682 1512 gratiam.
1773 1436 1842 1491 et
1887 1428 2044 1512 quia
2087 1428 2491 1493 sufficienter
2532 1450 2686 1493 eum
2734 1429 2802 1494 in
2846 1429 2951 1495 his

423 1550 505 1599 10
527 1535 838 1599 omnibus
885 1536 976 1599 ad
1023 1534 1090 1599 id
1137 1532 1323 1617 quod
1375 1534 1436 1597 ei
1488 1531 1934 1597 conueniebat
1981 1532 2380 1597 exhortatus
2439 1543 2561 1608 est,
2627 1533 2951 1597 memoria

529 1656 805 1701 auorum
838 1646 906 1703 et
936 1647 1286 1721 parentum
1318 1647 1386 1702 et
1416 1638 1665 1719 proprii
1711 1639 1852 1702 eius
1897 1637 2220 1721 propositi
2252 1636 2360 1701 uel
2389 1638 2659 1713 arbitrii,
2691 1658 2950 1702 necnon

528 1750 596 1805 et
620 1739 875 1823 gratiae
905 1740 1079 1805 illius
1107 1761 1311 1824 quam
1345 1738 1410 1803 in
1442 1738 1867 1804 ordinatione
1891 1740 2104 1805 fuerat
2133 1740 2516 1819 adsecutus;
2545 1739 2948 1805 laboriosum

529 1865 689 1910 uero
739 1844 1086 1928 negotium
1136 1844 1355 1928 ipsum
1411 1862 1557 1908 esse
1602 1842 1977 1918 uidebatur,
2027 1851 2096 1908 et
2149 1844 2450 1907 maxime
2488 1865 2569 1909 ea
2614 1844 2701 1908 de
2747 1864 2951 1909 causa

530 1950 689 2033 quia
740 1948 954 2013 multa
1003 1945 1297 2031 pericula
1348 1945 1474 2010 illis
1530 1947 1618 2010 ab
1679 1946 2074 2011 aduersariis
2127 1966 2208 2010 eo
2257 1947 2327 2011 in
2363 1956 2668 2031 tempore
2717 1946 2954 2011 insere-

430 2068 500 2135 15
531 2054 794 2128 bantur,
827 2051 1074 2116 adiecit
1100 2074 1114 2115 :

659 2195 788 2239 non
828 2170 1102 2257 (inquit)
1154 2171 1335 2237 dedit
1382 2169 1563 2237 nobis
1613 2171 1796 2236 Deus
1847 2170 2153 2255 spiritum
2205 2170 2478 2249 timoris,
2525 2171 2646 2236 sed
2683 2172 2957 2238 uirtutis·

531 2288 596 2344 et
619 2279 925 2343 caritatis
950 2287 1015 2342 et
1025 2277 1411 2360 pudicitiae.

664 2399 808 2455 est:
836 2386 909 2471 †‘
928 2410 1051 2454 nec
1080 2392 1259 2454 enim
1285 2388 1645 2453 formidare
1668 2408 1791 2452 nos
1823 2388 2140 2455 conuenit
2170 2387 2257 2452 de
2282 2386 2410 2452 illis
2441 2387 2637 2452 malis
2667 2408 2842 2472 quae
2869 2385 2958 2451 ab

536 2494 784 2557 exteris
829 2492 1022 2558 nobis
1062 2491 1444 2557 inferuntur.
1535 2490 1789 2574 quare?
1876 2492 2194 2574 quoniam
2229 2490 2346 2556 illa
2387 2492 2604 2575 gratia
2649 2491 2957 2577 SpirituS,

426 2615 512 2664 20
534 2599 649 2681 qui
702 2604 806 2661 est
855 2596 925 2659 in
976 2595 1187 2672 nobiS‚
1239 2593 1570 2658 sufficiens
1615 2602 1718 2657 est
1763 2613 1882 2676 per
1925 2584 2153 2658 omnia
2198 2614 2320 2658 nos
2365 2595 2742 2661 confortare
2787 2595 2956 2660 etin

666 2767 743 2837 οὐ
770 2764 985 2835 τοίνυν
1015 2764 1160 2833 οὐδὲ
1190 2763 1443 2852 δειλιᾷν
1470 2762 1797 2851 προσήκει
1827 2764 1911 2829 τὰ
1937 2765 2122 2852 παρὰ
2149 2767 2285 2831 τῶν
2313 2766 2550 2850 ἔξωθεν
2581 2766 2958 2851 ἐπαγομενω

536 2869 731 2939 κακά·
792 2869 901 2937 διὰ
946 2867 1020 2935 τί
1041 2891 1056 2948 ;
1103 2865 1204 2934 ὅτι
1238 2865 1279 2949 ἦ
1326 2868 1567 2932 ἐνοῦσα
1602 2864 1761 2948 ἡμῖν
1801 2869 1919 2932 τοῦ
1960 2868 2337 2952 πνεύματος
2376 2869 2575 2959 χάρις
2619 2868 2807 2949 ἱκανὴ
2849 2868 2961 2934 καὶ

537 2973 869 3064 ἐνισχύειν
927 2971 1119 3056 ἡμᾶς,
1181 2970 1295 3038 καὶ
1350 2971 1516 3059 πρὸς·
1582 2968 1704 3054 τὴν
1771 2969 2041 3055 ὦγάπην
2113 2972 2538 3059 ἐπισφίγγειν
2603 2976 2724 3040 τοῦ
2795 2971 2962 3054 θεοῦ,

635 3150 664 3184 ⁴2
701 3148 923 3183 mearum
945 3148 1024 3182 om
1046 3133 1117 3182 H
1333 3151 1365 3195 4
1398 3131 1714 3182 ordinatione
1735 3131 1804 3182 Η
2010 3148 2036 3195 5
2073 3148 2181 3184 esse
2215 3133 2331 3198 (sor
2359 3136 2432 3196 es)
2461 3135 2626 3186 6⁴25!
2679 3155 2734 3188 ὅ
2771 3155 2882 3190 esse
2921 3139 2966 3190 C

538 3215 687 3278 (corr)
750 3229 930 3264 essoer
1099 3211 1132 3264 6
1164 3218 1239 3264 est
1260 3211 1583 3278 omrlalios
1603 3212 2128 3279 Hrldeproperaret
2161 3230 2194 3264 r
2367 3228 2394 3279 7
2428 3219 2754 3270 necnamH
2901 3235 2962 3274 10

537 3295 831 3348 memoriam
862 3297 934 3348 H
1122 3313 1143 3347 1
1156 3313 1177 3346 1
1214 3295 1388 3346 arbitri
1410 3297 1477 3347 H
1684 3311 1742 3360 15
1777 3297 1893 3348 ideo
1919 3297 2024 3363 (bes
2030 3297 2232 3362 adiecit)
2257 3299 2363 3348 add
2379 3317 2411 3348 r
2598 3298 2659 3351 16
2691 3301 2826 3352 enim
2851 3301 2966 3368 (sor

537 3383 720 3448 inquit)
740 3399 775 3432 r
1008 3391 1067 3444 17
1102 3378 1387 3430 dilectionis
1409 3378 1528 3442 (for
1545 3378 1784 3438 caritatis)
1808 3394 1842 3428 r
2083 3382 2143 3431 18
2175 3387 2252 3430 est
2272 3396 2350 3430 om
2378 3381 2425 3432 C
2443 3379 2590 3446 (corr)
2616 3399 2648 3430 r
2669 3381 2680 3446 1
2709 3384 2776 3433 ab
2796 3399 2876 3433 om
2899 3384 2954 3434 Is

540 3481 604 3516 20
636 3479 766 3530 quae
801 3461 917 3528 (for
936 3461 1043 3527 qui)
1067 3476 1101 3510 r
1356 3473 1416 3509 αα
1440 3475 1517 3526 sq.
1552 3460 1713 3511 Coisl.
1739 3475 1850 3523 204,
1876 3459 1914 3511 f.
1941 3476 2033 3511 212
2057 3477 2090 3511 a
2109 3461 2219 3524 [Cr.
2242 3463 2329 3512 vii.
2355 3475 2435 3528 57,
2463 3463 2546 3514 Fr.
2581 3465 2695 3528 155]
2717 3463 2962 3528 θεὸδωρος·

538 3548 593 3596 οὔ
614 3547 791 3607 τοίνυν,
815 3545 969 3595 mul.

609 3690 650 3725 1.
716 3689 869 3740 quam
918 3673 975 3723 ob
1023 3670 1249 3733 causam]
1308 3668 1367 3720 δι’
1408 3669 1466 3731 ᾗ
1518 3671 1699 3720 αἰτίαν.
1872 3683 1950 3719 11.
2007 3670 2255 3735 propositi
2295 3672 2385 3721 nel
2421 3671 2650 3734 arbitrii]
2706 3673 2785 3724 cf.
2833 3685 2871 3723 1.
2911 3690 2963 3740 p.

539 3757 711 3821 vulg..
736 3761 769 3784 “
786 3761 993 3822 propter
1012 3769 1167 3818 quam
1189 3752 1298 3810 c.;”
1330 3753 1510 3812 below'.
1539 3769 1585 3803 v·
1622 3767 1698 3809 ια.
1801 3751 1964 3802 xxxvi.

544 3839 656 3888 “ob
686 3854 837 3903 quam
860 3834 961 3897 c.,’'
986 3836 1153 3885 where
1182 3850 1274 3884 our
1307 3834 1573 3885 translator
1605 3834 1698 3884 has
1871 3845 1947 3896 17.
2013 3835 2241 3884 caritatis
2299 3841 2347 3886 et
2399 3836 2693 3900 putatitiae]
2759 3836 2958 3899 Amhr„

535 3917 869 3982 quamobrem.
920 3915 1093 3980 Magis
1118 3931 1278 3965 seems
1310 3921 1366 3964 to
1396 3915 1463 3964 be
1484 3914 1696 3963 without
1799 3914 2071 3975 Ambrstr„
2133 3918 2307 3984 Vulg„
2379 3919 2717 3970 “dilectionis
2773 3927 2824 3970 et
2879 3935 2962 3971 so·

538 3997 811 4063 authority;
858 3997 935 4048 sor
968 4012 1235 4048 commoneo
1274 3997 1361 4048 the
1397 3997 1549 4046 Latin
1589 4012 1696 4046 ver·
1798 3998 2079 4051 brietatis.”

536 4083 671 4132 sions
692 4082 807 4146 give
836 4079 1181 4131 “admone0.”
1869 4081 1944 4130 18.
2016 4097 2102 4130 nec
2119 4097 2155 4131 e.
2167 4081 2471 4146 formidare,
2497 4081 2611 4144 &c.]
2662 4081 2743 4132 cf.
2767 4081 2868 4130 Th.
2892 4096 2961 4132 on

603 4183 651 4227 4.
714 4165 1157 4230 gratiam...quam
1184 4170 1296 4228 per,
1342 4161 1457 4224 δια]
1504 4161 1696 4212 Thdt.:
1801 4159 1952 4210 Rom.
1975 4160 2081 4211 viii.
2110 4175 2167 4224 15
2195 4159 2408 4226 (Migne,
2431 4159 2582 4226 821)=
2613 4163 2706 4223 οὐχ
2738 4159 2800 4212 ὡς
2828 4161 2963 4213 ὄντος

536 4247 627 4305 τὴν
658 4246 803 4308 χάριν
835 4243 893 4306 ἦν
925 4246 1003 4294 διὰ
1034 4247 1121 4306 τῆς
1149 4247 1265 4306 ἐμῆς
1298 4245 1507 4304 ἐκομίσω
1540 4261 1696 4307 χειρο-
1801 4243 1978 4294 δειλίας
2000 4243 2326 4306 πνεύμα[τος],
2350 4241 2460 4292 ἀλλ’
2486 4239 2596 4292 ἀντὶ
2634 4244 2742 4292 τοῦ·
2783 4241 2965 4293 ’ταῦτα

535 4326 707 4376 roular-
768 4325 865 4376 See
888 4341 955 4374 on
984 4341 1005 4376 1
1033 4325 1169 4374 Tim.
1192 4327 1259 4375 iv.
1293 4341 1369 4388 14.
1797 4323 2017 4383 ἐμποιεῖν
2042 4322 2099 4374 τό
2123 4321 2313 4384 πνεῦμα
2335 4323 2483 4386 φύσιν
2503 4327 2588 4374 οὐκ
2611 4320 2749 4386 ἔχει’

599 4406 650 4457 6.
714 4407 835 4456 aliis
874 4407 1138 4468 adiuuare]
1186 4407 1288 4456 For
1322 4407 1409 4457 the
1442 4413 1694 4456 construc—
1864 4421 1946 4457 πο.
2013 4408 2108 4472 qui
2139 4407 2231 4470 est]
2293 4407 2406 4458 The
2445 4407 2550 4458 Gk.
2591 4412 2828 4471 supports
2877 4406 2964 4458 the

534 4490 641 4540 tion
665 4503 748 4539 see
772 4489 995 4546 R'onsch,
1018 4489 1168 4548 Itala,
1196 4504 1247 4553 p.
1276 4501 1391 4552 439.
1432 4486 1514 4538 Cf.
1534 4503 1613 4539 vv.
1638 4487 1694 4536 11.
1797 4487 2004 4552 reading
2019 4487 2078 4537 of
2091 4489 2467 4553 Rab.—“quae
2479 4487 2608 4540 est.''
2650 4488 2960 4553 Confortare‚
