3250 5025
551 384 650 447 34.
1205 378 1663 430 THEonoaus
1712 378 2297 431 MOPSUESTENUS
2604 368 2707 453 [V.
2740 369 2971 435 6—10.

543 550 772 613 simus.
861 549 980 631 qui
1019 550 1192 612 enim
1238 548 1587 627 dormiunt,
1640 560 1814 613 nocte
1855 549 2207 628 dormiunt,
2261 562 2325 616 et
2372 554 2494 635 qui
2541 553 2969 631 inebriantur,

547 662 720 715 nocte
763 652 1180 717 inebriantur
1192 674 1224 728 ,·
1265 674 1381 716 nos
1407 663 1642 729 autem,
1675 652 1793 735 qui
1818 652 1956 715 diei
1989 675 2232 731 sumus,
2263 655 2469 720 sobrii
2492 656 2718 736 simus,
2752 659 2977 723 induti

547 752 814 817 loricam
843 752 1018 837 fidei
1063 764 1128 817 et
1181 753 1484 818 caritatis
1529 763 1593 817 et
1631 754 1897 837 galeam
1954 757 2093 837 spei
2132 758 2386 822 salutis.
2474 760 2785 841 quoniam
2844 782 2970 825 non

534 853 760 935 posuit
786 875 900 917 nos
927 854 1110 917 Deus
1139 856 1210 919 in
1241 856 1432 933 iram,
1463 855 1582 919 sed
1604 856 1676 919 in
1697 858 2197 940 adquisitionem
2224 860 2463 923 salutis
2476 872 2604 942 per
2630 862 2970 927 dominum

489 966 520 1033 5
551 970 842 1023 nostrum
873 957 1088 1023 Iesum
1127 958 1475 1036 Christum,
1507 960 1625 1042 qui
1652 972 1947 1024 mortuus
1973 974 2070 1025 est
2081 974 2208 1044 pro
2238 964 2433 1040 nobis,
2464 974 2542 1029 ut
2581 965 2719 1029 siue
2748 965 2972 1049 uigile-

549 1089 711 1145 mus,
743 1067 884 1130 siue
909 1064 1331 1143 dormiamus,
1361 1064 1572 1128 simul
1592 1085 1737 1128 cum
1769 1064 1881 1129 illo
1912 1065 2237 1129 uiuamus.

681 1192 997 1256 conuenit
1019 1192 1222 1273 igitur
1243 1212 1366 1254 nos
1387 1191 1504 1255 tali
1536 1202 1993 1255 remuneratos
2020 1193 2297 1257 scientia
2317 1193 2593 1277 uigilare
2612 1204 2681 1258 et
2710 1196 2969 1258 sobrios

550 1314 696 1359 esse
737 1315 893 1377 erga
929 1294 1191 1357 illorum
1239 1294 1677 1377 diligentiam,
1706 1316 1879 1377 quae
1912 1295 2105 1358 nobis
2135 1296 2559 1359 conueniunt.
2658 1297 2743 1359 ad
2792 1296 2969 1379 [dor-

553 1395 926 1477 mien]dum
963 1394 1290 1479 [quidem]
1325 1405 1722 1461 nocturnum
1756 1408 2023 1480 tempus
2054 1398 2247 1461 nobis
2280 1400 2495 1482 magis
2538 1410 2639 1465 est
2671 1421 2971 1465 necessa-

449 1520 526 1567 10
551 1502 718 1565 rium
752 1510 820 1564 et
850 1499 938 1564 ad
970 1500 1361 1564 ebrietatem
1387 1520 1411 1577 ;,
1450 1501 1657 1565 latere
1699 1502 1875 1564 enim
1914 1502 2161 1583 poterit
2202 1501 2396 1568 facile
2427 1504 2483 1567 is
2514 1506 2627 1588 qui
2658 1505 2814 1569 talis
2845 1514 2966 1571 est.

549 1602 700 1666 illos
732 1623 888 1665 uero
920 1602 1033 1685 qui
1075 1622 1194 1684 per
1231 1602 1685 1685 cognitionem
1736 1612 2085 1686 tamquam
2128 1605 2194 1667 in
2237 1604 2347 1669 die
2394 1606 2529 1670 iam
2576 1608 2967 1681 consistunt,

548 1708 803 1773 sobrios
835 1728 978 1771 esse
1001 1706 1312 1771 conuenit
1341 1715 1409 1770 et
1432 1705 1788 1789 uigilantes
1820 1726 1977 1789 erga
2004 1707 2227 1771 studia
2259 1708 2599 1787 uirtutum,
2631 1711 2821 1793 quasi
2853 1710 2966 1793 qui

549 1820 617 1875 et
641 1810 706 1873 in
732 1807 864 1871 diei
887 1816 1189 1891 tempore
1212 1817 1705 1885 conuersantur,
1724 1810 1791 1871 in
1817 1830 1951 1892 quo
1976 1830 2190 1892 neque
2213 1809 2420 1874 latere
2443 1833 2851 1895 quemquam
2883 1812 2970 1876 sit
3026 1836 3037 1847 ·

548 1913 885 1999 possibile,
909 1913 963 1976 si
988 1921 1214 1975 tamen
1246 1912 1496 1995 aliquid
1528 1933 1617 1975 ex
1649 1912 1777 1976 illis
1808 1933 1981 1996 quae
2012 1933 2144 1976 non
2169 1915 2575 1978 conueniunt
2606 1915 2969 1998 perfecerit.

445 2036 516 2103 15
548 2038 720 2101 quae
750 2024 905 2080 sunt
933 2023 1159 2078 autem
1193 2012 1305 2078 illa
1348 2035 1568 2097 opera,
1601 2036 1773 2097 quae
1818 2015 2008 2077 nobis
2041 2024 2116 2079 ut
2157 2016 2224 2079 in
2268 2016 2377 2080 die
2417 2015 2967 2080 conuersantibus

548 2120 992 2206 deputemus?
1082 2118 1283 2183 fidem
1327 2120 1552 2202 inquio
1598 2130 1667 2182 et
1708 2120 2070 2195 caritatem,
2118 2140 2208 2183 ex
2262 2120 2503 2203 quibus
2554 2140 2710 2203 spes
2771 2119 2968 2183 nobis

547 2226 915 2309 adquiritur
953 2222 1223 2302 salutis;
1256 2223 1438 2306 quod
1469 2231 1537 2286 et
1569 2222 1901 2285 Dominus
1935 2222 2120 2288 Deus
2161 2244 2279 2307 per
2317 2222 2673 2301 Christum,
2704 2225 2816 2308 qui
2848 2245 2969 2308 pro

548 2329 742 2393 nobis
802 2327 1133 2409 suscipere
1195 2326 1405 2390 uoluit
1467 2334 1768 2401 mortem,
1832 2324 2117 2390 salutem
2180 2326 2373 2390 nobis
2423 2327 2772 2408 praeuidit,
2832 2346 2965 2389 non

547 2450 870 2514 poenam3
919 2437 993 2492 ut
1023 2428 1178 2491 licet
1209 2426 1576 2491 secundum
1599 2436 2020 2510 praesentem
2060 2427 2233 2490 hanc
2266 2427 2474 2490 uitam
2517 2429 2970 2492 habeamur—

647 2605 677 2651 8
725 2617 897 2652 eorum
933 2597 1046 2664 (sor
1077 2600 1296 2658 illorum)
1329 2616 1360 2647 r
1387 2597 1395 2663 Ι
1423 2599 1484 2647 ad
1497 2637 1745 2649 ............
1752 2601 1871 2648 dum
1914 2599 1991 2648 C*
2016 2601 2084 2648 H
2138 2601 2203 2650 ad
2237 2600 2587 2650 dormiendum
2634 2601 2677 2649 C
2711 2616 2823 2648 corr
2864 2602 2973 2660 (but

545 2683 758 2731 zerithout
786 2679 1250 2744 completehtfilling
1265 2687 1335 2743 up
1355 2680 1437 2728 the
1455 2680 1657 2738 lacuna)
1680 2679 1743 2727 ad
1768 2679 2147 2728 custodiendum
2171 2696 2204 2728 r
2437 2694 2497 2741 ¹4
2529 2695 2663 2744 poss.
2687 2680 2749 2728 sit
2772 2697 2803 2727 r
2829 2677 2837 2745 Ι
2866 2696 2971 2731 non

550 2763 646 2828 (ast
683 2763 742 2828 si)
779 2763 882 2812 add
915 2765 958 2812 C
981 2761 1124 2827 (corr)
1157 2761 1165 2826 Ι
1192 2762 1384 2825 aliquot
1419 2761 1484 2810 H
1506 2759 1513 2824 Ι
1541 2760 1777 2826 perficere
1817 2761 1881 2809 H
2214 2758 2271 2808 16
2306 2759 2511 2823 inquam
2549 2767 2599 2810 et
2639 2776 2685 2810 c.
2718 2761 2786 2809 H
2808 2762 2878 2810 ait
2914 2763 2969 2811 in

547 2863 647 2911 quo
671 2854 719 2895 et
745 2862 785 2895 c.
817 2845 957 2908 ponit
982 2861 1013 2892 r
1275 2856 1331 2904 17
1367 2851 1416 2892 et
1451 2843 1588 2908 quod
1621 2850 1671 2891 et
1701 2841 1777 2891 C*
1802 2843 1869 2891 H
2113 2843 2170 2891 18
2206 2841 2420 2906 peruidit
2450 2841 2527 2891 C*
2594 2843 2817 2908 prodidit
2852 2843 2969 2904 [εἰει

545 2928 764 2992 prouidit
786 2927 828 2988 ?]
853 2943 884 2974 r

619 3097 661 3130 1.
728 3081 822 3144 qui
871 3081 1204 3140 inebriantur,
1255 3087 1402 3140 nocte,
1446 3081 1565 3142 &c.]
1638 3081 1708 3132 So

552 3163 765 3212 Hieron.
793 3164 870 3222 (in
894 3163 1042 3212 Abac.
1073 3161 1144 3226 ii).
1217 3163 1329 3212 The
1369 3163 1435 3212 O.
1461 3163 1518 3213 L.
1549 3179 1709 3213 seems

549 3252 604 3295 to
648 3245 776 3294 have
821 3244 1006 3293 striven
1051 3251 1104 3293 to
1153 3243 1320 3293 reflect
1373 3245 1458 3294 the
1503 3245 1706 3295 distinc-

549 3327 658 3377 tion
703 3328 932 3376 between
985 3328 1310 3386 μεθύσκεσθαι
1361 3327 1487 3376 and⁴
1515 3331 1707 3387 μεθύειν

549 3411 617 3474 by
633 3409 923 3472 rendering:
963 3408 1102 3473 “qui
1135 3409 1533 3468 inebriantur,
1563 3418 1711 3459 nocte

551 3492 712 3541 ebrii
754 3489 959 3550 sunt;’'
1010 3491 1096 3539 the
1151 3490 1303 3554 Vulg.
1361 3507 1473 3539 uses
1533 3491 1709 3539 “ebrii

550 3573 706 3622 sunt”
731 3573 890 3622 twice.
961 3573 1083 3637 Spei
1113 3573 1154 3621 is
1187 3573 1434 3637 probably
1456 3589 1488 3621 a
1521 3573 1616 3638 slip
1642 3589 1709 3622 on

549 3655 637 3704 the
686 3661 798 3718 part
843 3653 902 3702 of
949 3669 1039 3702 our
1095 3655 1360 3702 translator
1412 3670 1470 3702 or
1525 3655 1584 3704 of
1632 3655 1710 3704 his

553 3736 790 3800 copyists.

623 3830 666 3878 7.
737 3817 1094 3877 remuneratos]
1129 3817 1230 3866 For
1264 3832 1372 3866 exx.
1401 3817 1461 3866 of
1488 3833 1710 3868 remune-

555 3902 675 3952 rari
699 3899 869 3964 (pass.)
893 3915 976 3950 see
995 3900 1216 3956 Ronsch,
1240 3901 1390 3959 Itala,
1417 3917 1468 3966 p.
1497 3915 1606 3966 299.

620 3984 667 4032 8.
729 3981 800 4030 acl
831 3981 1180 4030 dormiendum
1215 3981 1435 4046 quidem]
1489 3983 1586 4032 See
1625 3999 1707 4032 vv.

553 4065 606 4113 ll.
664 4063 776 4113 The
814 4063 998 4112 Corbie
1033 4062 1322 4113 corrector’s
1361 4063 1522 4128 filling
1565 4080 1636 4129 up
1668 4064 1711 4114 is

554 4145 812 4196 doubtless
857 4153 1060 4204 correct,
1109 4159 1165 4193 as
1211 4145 1284 4193 far
1321 4160 1376 4194 as
1411 4145 1448 4194 it
1481 4161 1632 4210 goe33
1681 4146 1708 4196 1

554 4229 683 4278 have
717 4225 958 4276 ventured
993 4231 1046 4274 to
1077 4223 1325 4290 complete
1346 4226 1385 4274 it
1419 4226 1487 4290 by
1521 4226 1711 4292 adding

556 4329 587 4361 a
607 4311 804 4376 quidem
827 4316 880 4358 to
903 4322 1110 4373 prepare
1133 4306 1210 4354 sor
1231 4307 1316 4356 the
1348 4323 1461 4356 uero
1483 4308 1540 4356 of
1564 4307 1595 4358 l.
1630 4325 1649 4358 1
1663 4325 1701 4358 1.

561 4391 958 4446 Custodkndum,
996 4390 1082 4440 the
1112 4389 1322 4454 reading
1359 4389 1418 4438 os
1452 4391 1703 4451 Rabanus,

555 4475 783 4527 stultifies
815 4474 900 4524 the
939 4489 1149 4539 passage
1159 4491 1176 4534 ς
1225 4473 1324 4522 and
1367 4473 1443 4522 Dr
1484 4473 1709 4537 Jacobi’s

1812 3081 2074 3146 ingenious
2112 3081 2397 3148 conjecture
2442 3083 2549 3134 that
2588 3085 2661 3132 ad
2692 3085 2967 3134 ebrietatem

1820 3166 2115 3214 =aducrsus
2139 3164 2293 3228 (πρὸς)
2318 3165 2415 3214 ebr.
2451 3167 2670 3230 scarcely
2702 3167 2847 3231 helps
2884 3167 2967 3216 the

1810 3263 1965 3297 sense.
2040 3247 2139 3296 Th.
2185 3263 2357 3296 means
2402 3255 2455 3297 to
2504 3263 2619 3312 say:
2682 3249 2717 3274 ‘⁸
2739 3250 2793 3298 S.
2842 3249 2965 3297 Paul

1809 3329 1931 3378 does
1975 3336 2067 3378 not
2110 3329 2275 3394 plead‚
2314 3333 2327 3357 ⁴
2348 3329 2551 3386 VVatch‚
2589 3331 2803 3380 because
2850 3331 2889 3379 it
2925 3331 2967 3379 is

1810 3408 1898 3458 the
1920 3409 2280 3473 night-season,
2312 3409 2458 3459 when
2482 3425 2599 3459 men
2622 3426 2705 3459 are
2728 3411 2968 3475 specially

1812 3489 2037 3552 tempted
2059 3496 2113 3538 to
2135 3489 2507 3553 intemperance
2536 3489 2633 3538 and
2658 3490 2791 3540 sloth
2810 3491 2840 3550 ς’
2876 3493 2966 3541 but

1817 3572 1831 3594 ⁶
1850 3569 2049 3630 Watch,
2079 3571 2289 3621 because
2320 3588 2418 3634 you
2440 3589 2525 3622 are
2546 3574 2604 3621 of
2618 3574 2702 3623 the
2732 3574 2845 3637 day,
2866 3575 2965 3624 and

1810 3653 1861 3702 in
1902 3653 1985 3702 the
2021 3653 2241 3716 daytime
2275 3654 2647 3719 intemperanoe
2692 3656 2793 3705 and
2827 3657 2964 3706 sloth

1810 3753 1895 3785 are
1918 3736 2105 3800 wholly
2126 3745 2213 3786 out
2238 3737 2295 3785 of
2312 3735 2488 3801 place.’
2504 3736 2534 3758 ’²

1884 3815 1956 3866 16.
1988 3817 2288 3881 deputemus]
2301 3818 2715 3875 =adscribamus;
2744 3819 2966 3876 Ronsch‚

1813 3899 1961 3958 Itala,
1990 3914 2037 3962 p.
2073 3914 2099 3960 3
2106 3899 2183 3960 58.

1879 3979 2073 4042 inquio]
2116 3981 2211 4029 See
2236 3995 2311 4027 vv.
2342 3979 2391 4028 ll.
2449 3979 2669 4044 Perhaps
2694 3996 2766 4030 we
2788 3981 2970 4030 should

1811 4059 1931 4108 read
1987 4059 2311 4124 inquit—m
2350 4061 2516 4109 πίστιν
2570 4063 2717 4122 φησιν
2756 4063 2837 4110 καὶ
2880 4066 2971 4124 τὴν

1814 4142 2025 4203 ἀγάπην.

1884 4241 1959 4292 19.
2026 4233 2086 4274 ut
2099 4226 2211 4276 licet
2228 4223 2511 4281 secundum,
2536 4223 2654 4284 &c.]
2689 4223 2967 4275 Lansranc:

1818 4309 2015 4358 “Amb.
2052 4313 2065 4336 ‘
2084 4310 2149 4358 Et
2184 4309 2289 4358 siue
2321 4304 2619 4371 uigilemuS‚'
2649 4307 2703 4356 id
2735 4315 2825 4368 est,
2864 4310 2971 4360 siue

1810 4391 2083 4440 secundum
2123 4397 2435 4454 praesentem
2468 4388 2625 4437 uitam
2660 4388 2711 4438 in
2750 4390 2969 4440 aduentu

1811 4473 2017 4523 Domini
2041 4473 2314 4522 habeamus
2338 4471 2446 4536 [leg.
2472 4471 2640 4533 -mur1,
2660 4471 2766 4522 siue
2788 4473 2970 4537 egressi
