3250 5025
399 306 475 391 1.]
1104 322 1188 373 m
1238 323 1343 375 ΕΡ.
1390 323 1496 376 An
1544 323 2069 375 PHILEMONEM.

2687 310 2810 391 267

394 512 553 555 nam
599 492 1047 576 particulatim
1095 495 1607 577 interpretantes
1655 495 2012 579 epistolam
2080 492 2332 577 aliquid
2381 490 2672 576 amplius
2718 492 2817 556 in-

397 598 620 660 uenire
652 599 1033 680 poterimus,

524 748 785 811 Paulus
814 748 1070 813 uinctus
1098 750 1247 813 Iesu
1283 749 1549 815 Christi.

526 876 591 938 in
624 880 957 958 praesenti
990 879 1260 961 negotio
1296 880 1401 943 uel
1437 880 1736 943 maxime
1769 888 1869 943 est
1911 879 2379 944 demirandam
2426 878 2511 942 de
2542 888 2810 961 aposto-

392 975 519 1041 lica
567 983 936 1061 prudentia,
970 985 1287 1066 quoniam
1330 986 1593 1067 scripsit
1624 984 1897 1067 quidem
1941 994 2009 1048 et
2050 984 2137 1049 ad
2183 984 2349 1048 alios
2390 982 2612 1066 plures
2658 1003 2809 1046 cum
2886 990 2918 1058 5

394 1091 570 1144 esset
618 1084 683 1145 in
729 1087 1027 1165 uinculiS,
1072 1089 1243 1151 sicut
1290 1110 1378 1152 ex
1428 1089 1587 1172 ipsis
1635 1089 1936 1171 epistolis
1983 1090 2050 1152 id
2097 1090 2466 1171 perspicere
2513 1096 2614 1150 est
2659 1107 2811 1169 pos·

394 1183 605 1261 sibile,
639 1199 707 1253 et
756 1192 1055 1255 maxime
1093 1194 1159 1255 in
1207 1214 1287 1257 ea
1330 1194 1614 1276 epistola
1663 1216 1866 1277 quam
1917 1194 2057 1277 [ad]
2100 1193 2432 1276 Ephesios
2472 1192 2813 1273 scripsisse

394 1288 697 1368 uidetur;
758 1294 943 1358 nullo
1004 1316 1164 1359 uero
1213 1297 1281 1359 in
1326 1296 1474 1359 loco
1522 1293 1894 1360 ‘uinctum’
1939 1318 2012 1359 se
2072 1298 2138 1361 in
2192 1297 2606 1380 praefatione
2657 1317 2809 1360 cum

394 1392 664 1456 nomine
707 1416 829 1459 suo
876 1398 1116 1479 posuit,
1150 1399 1455 1481 inquiens
1501 1398 1765 1463 Paulus
1809 1400 2083 1464 uinctus.

2173 1399 2303 1464 hoc
2348 1421 2508 1465 uero
2552 1403 2617 1466 in
2651 1403 2811 1466 -loco

394 1516 608 1579 neque
648 1506 946 1563 ‘seruum
974 1502 988 1526 '
1035 1521 1251 1584 neque
1298 1502 1715 1583 ‘apostolum
1741 1504 1754 1528 ’
1801 1522 1874 1565 se
1918 1503 2112 1579 dixit,
2145 1504 2313 1569 sicut
2360 1514 2502 1568 erat
2548 1506 2608 1569 ei
2655 1525 2811 1568 con—
2847 1520 2925 1569 10

394 1600 681 1664 suetudo
710 1603 1041 1667 scribendi
1058 1626 1073 1683 ;
1110 1605 1227 1668 sed
1265 1604 1473 1688 [quia]
1500 1607 1585 1668 de
1616 1605 2015 1687 specialibus
2046 1608 2334 1689 negotiis
2358 1608 2691 1672 scribebat
2723 1610 2809 1673 ad

395 1724 546 1766 eum
582 1713 650 1768 et
680 1706 765 1769 de
799 1705 923 1769 illis
955 1729 1127 1789 quae
1159 1708 1224 1770 in
1259 1715 1596 1789 potestate
1630 1710 1835 1790 ipsius
1881 1708 2286 1774 Philemonis
2332 1713 2555 1794 posita
2601 1726 2810 1795 erant,

392 1806 520 1870 hoc
568 1809 690 1871 sibi
747 1813 956 1893 magis
1008 1813 1227 1875 dicere
1279 1813 1625 1889 arbitranS,
1674 1822 1750 1876 ut
1801 1834 1932 1877 non
1983 1816 2384 1879 auctoritate
2439 1819 2812 1899 apostolica

393 1910 637 1975 abusus
684 1914 1009 1997 imperare
1055 1918 1114 1979 ei
1163 1938 1250 1980 ex
1299 1917 1415 1982 tali
1463 1919 2008 2000 praesumptione
2040 1919 2394 1984 uideretur.
2483 1922 2602 1984 sed
2646 1920 2809 1984 illud

396 2018 607 2098 magis
638 2021 1145 2101 proponendum
1180 2041 1324 2083 esse
1360 2021 1636 2095 censuit,
1669 2021 1850 2102 quod
1889 2030 1956 2083 et
1988 2020 2188 2084 ualde
2230 2023 2508 2086 suadere
2546 2032 2812 2106 poterat
2848 2036 2918 2103 15

397 2120 876 2198 Philemonem,
922 2125 1329 2205 cogitantem
1377 2124 1537 2205 quia
1589 2142 1726 2185 non
1788 2142 2109 2205 magnum
2159 2134 2334 2187 esset
2384 2134 2524 2187 tam
2575 2126 2812 2189 uilissi-

397 2245 580 2288 mum
613 2226 929 2308 praebere
962 2228 1021 2289 ei
1052 2214 1195 2289 uiro
1226 2226 1339 2309 qui
1379 2246 1498 2307 pro
1530 2225 1810 2288 aliorum
1848 2225 2063 2288 salute
2094 2226 2380 2291 habetur
2424 2230 2492 2292 in
2530 2232 2812 2297 uinculis

394 2347 545 2389 cum
608 2337 676 2392 et
736 2329 961 2394 liceret
1020 2332 1081 2394 ei
1151 2332 1205 2394 si
1280 2330 1598 2395 uoluisset
1658 2331 1788 2394 ista
1848 2330 2122 2395 minime
2186 2332 2325 2414 pati
2353 2355 2369 2411 ;
2429 2334 2602 2399 sicut
2670 2336 2813 2419 ipse

494 2495 521 2542 5
556 2496 657 2547 quo
684 2480 798 2546 (fhr
811 2482 1069 2546 quoniam)
1094 2482 1159 2532 H
1172 2498 1204 2532 r

393 2645 581 2694 tatibus
601 2661 634 2693 r
782 2658 841 2705 13
876 2647 1129 2696 arbitraris
1156 2647 1199 2696 C
1221 2647 1286 2695 H

1329 2480 1362 2532 6
1394 2482 1531 2547 quod
1556 2480 1676 2545 (sor
1695 2480 1768 2541 id)
1797 2480 1978 2531 CHr:
2015 2497 2085 2531 see
2107 2489 2216 2532 note

392 2563 591 2612 uidetur
603 2579 681 2612 om
696 2580 727 2612 r
752 2563 761 2628 Ι
791 2565 853 2613 ad
868 2581 947 2612 om
971 2566 1013 2614 C
1025 2565 1090 2614 H
1197 2581 1215 2614 1
1229 2582 1248 2614 1
1287 2565 1406 2630 quia
1422 2580 1499 2613 om
1520 2565 1562 2612 C
1576 2563 1641 2612 H
1653 2578 1684 2609 r
1707 2561 1716 2626 Ι
1747 2561 2086 2628 spiritualibus
2103 2565 2220 2628 (for
2230 2565 2390 2629 spec.)
2403 2567 2428 2614 Ι

1413 2661 1431 2695 1
1442 2661 1469 2709 5
1504 2646 1642 2710 quod
1665 2645 1956 2709 ponendum
1980 2646 2094 2709 (jbr
2111 2649 2347 2712 propon.)
2372 2664 2405 2696 r

2345 2481 2464 2550 6sq.
2505 2486 2805 2551 possibile...

2553 2583 2608 2617 12
2646 2577 2812 2633 potes-

2553 2650 2612 2701 16
2647 2652 2810 2702 Phile-

395 2743 595 2777 monem
613 2727 1016 2793 cogitantemque
1030 2746 1081 2779 n.
1098 2745 1166 2778 m.
1182 2735 1233 2779 et
1256 2730 1298 2778 C
1310 2729 1375 2779 H
1434 2727 1730 2778 Philemone
1747 2729 1998 2792 cogitante
2013 2745 2064 2778 n.
2079 2746 2148 2778 m.
2164 2745 2273 2780 esse
2289 2747 2322 2779 r
2346 2729 2354 2795 Ι
2385 2731 2677 2782 uilissimum
2699 2734 2822 2784 CH

392 2811 633 2860 uilissima
656 2829 689 2860 r
852 2824 908 2873 17
944 2812 1222 2862 habebatur
1241 2813 1266 2860 Ι

465 2966 508 2999 1.
586 2953 793 3017 aliquid
840 2953 1077 3017 amplius]
1146 2954 1244 3003 Th.
1294 2968 1455 3002 seems
1498 2958 1553 3001 to

392 3033 521 3082 have
550 3033 651 3082 had
674 3033 842 3084 before
864 3035 969 3083 him
996 3034 1079 3084 the
1100 3034 1295 3098 closing
1316 3035 1479 3084 words
1501 3033 1559 3083 of

394 3115 761 3178 Chrysostom's
782 3115 1051 3181 prologue:
1084 3115 1303 3165 τοσαῦτα.
1334 3119 1433 3180 γὰρ
1460 3115 1553 3176 ἤδη

395 3194 715 3258 κερδάναντες,
752 3199 957 3246 πλείονα
991 3195 1305 3261 κερδανοῦμεν
1339 3196 1435 3246 ἀπὸ
1468 3194 1555 3257 τῆς

396 3277 535 3341 ὑφῆς.
622 3281 757 3330 Most
793 3280 853 3328 of
880 3281 957 3330 his
991 3281 1161 3344 points
1204 3281 1435 3330 however
1468 3297 1553 3330 are

396 3361 601 3412 distinct
625 3362 751 3410 from
776 3360 918 3410 those
945 3361 1004 3412 of
1029 3362 1107 3411 his
1137 3361 1298 3411 friend
1320 3363 1419 3411 and
1443 3378 1552 3426 pre-

392 3445 640 3494 decessor.

460 3537 638 3586 4—17.
675 3523 729 3570 fn
744 3521 1113 3586 praesenti...r’n
1138 3523 1377 3584 uinculzk]
1402 3523 1549 3572 Sum·

394 3606 610 3656 marized
634 3606 700 3669 by
726 3605 973 3654 Lanfranc
995 3605 1095 3653 and
1118 3605 1186 3668 by
1212 3606 1275 3654 R.
1300 3605 1358 3653 os
1376 3606 1432 3654 B.

462 3685 509 3737 6.
586 3703 647 3736 ex
684 3687 809 3751 apsis
841 3685 1073 3748 epistolis-1
1140 3685 1238 3735 See
1273 3701 1368 3750 e-g.
1413 3685 1545 3750 Eph.

394 3770 465 3818 iii.
497 3786 539 3825 1,
564 3768 627 3818 iv.
665 3783 721 3827 ¹3
757 3766 885 3816 Phil.
915 3767 947 3816 i.
978 3781 1061 3827 133
1097 3767 1209 3816 Col.
1234 3766 1301 3815 iv.
1332 3769 1405 3816 ι8.

466 3851 611 3914 Quod
638 3851 741 3909 (see
775 3864 857 3896 vv.
874 3847 952 3910 11.)
983 3848 1026 3898 is
1055 3847 1208 3898 found
1240 3849 1291 3898 in
1326 3847 1455 3897 Rab.
1495 3863 1550 3897 as

350 3975 355 3980 .
397 3928 511 3978 well
533 3943 588 3978 as
610 3926 661 3976 in
685 3927 771 3976 the
796 3926 981 3987 Mss.;
1014 3927 1103 3976 but
1138 3926 1174 3975 it
1203 3927 1245 3976 is
1277 3942 1333 3975 so
1364 3926 1547 3990 clearly

394 4018 593 4076 corrupt
635 4010 741 4060 that
776 4011 803 4058 1
835 4010 966 4059 have
998 4011 1237 4059 ventured
1278 4018 1331 4059 to
1368 4011 1547 4060 substi-

395 4101 501 4144 tute
516 4093 585 4150 id,
600 4092 722 4142 with
740 4092 906 4142 which
923 4093 1061 4158 quod
1074 4092 1235 4156 might
1252 4093 1406 4156 easily
1420 4092 1549 4143 have

394 4177 523 4225 been
544 4175 881 4225 confounded.

458 4260 505 4308 8.
577 4257 717 4306 nullo
740 4271 855 4306 uero
874 4257 931 4304 in
952 4255 1063 4315 loco,
1092 4255 1207 4317 &c.]
1262 4261 1275 4284 ‘
1294 4257 1431 4319 Only
1463 4255 1549 4306 the

394 4339 489 4402 Ep.
522 4343 575 4386 to
614 4336 873 4385 Philemon
910 4351 1067 4400 opens
1101 4335 1225 4384 with
1262 4335 1345 4385 the
1380 4352 1549 4400 super-

390 4415 629 4480 scription
654 4416 847 4463 Παῦλος
870 4411 1105 4472 δέσμιος.’,
1156 4413 1425 4478 S.Jerome
1446 4415 1547 4464 had

1419 2811 1479 2862 18
1512 2811 1649 2876 quod
1671 2817 1722 2858 et
1745 2809 1893 2858 licere
1921 2808 1998 2859 C*
2065 2826 2180 2860 cum
2203 2819 2254 2861 et
2275 2812 2424 2862 licere
2451 2813 2496 2862 C
2517 2813 2663 2876 (corr)
2690 2813 2758 2862 H

1651 2949 1960 3015 anticipated
1993 2948 2093 3000 this
2124 2951 2348 3002 remark:
2395 2952 2496 3002 “in
2531 2953 2669 3003 nulla
2707 2954 2807 3018 epi-

1651 3033 1782 3082 stola
1825 3033 1922 3082 hoc
1965 3033 2266 3096 cognomine
2305 3050 2421 3084 usus
2459 3041 2550 3094 est,
2594 3035 2710 3085 licet
2756 3037 2808 3085 in

1650 3128 1859 3176 corpore
1881 3112 2220 3176 epistolarum,
2252 3115 2317 3162 ad
2353 3114 2600 3178 Ephesios
2633 3115 2808 3165 uideli-

1653 3201 1730 3242 cet
1765 3201 1816 3242 et
1855 3193 2202 3258 Philippenses
2236 3202 2286 3243 et
2327 3196 2666 3254 Colossenses,
2697 3184 2809 3248 'esse

1651 3291 1708 3324 se
1729 3275 1781 3322 in
1804 3274 2012 3324 uinculis
2035 3291 2126 3340 pro
2148 3277 2458 3327 confessione
2481 3279 2738 3328 testetur-’²

1725 3373 1800 3407 ιο.
1861 3373 2017 3421 neque
2047 3359 2271 3420 semum]
2331 3360 2407 3410 As
2442 3360 2496 3408 in
2535 3362 2663 3411 Phil.
2702 3362 2734 3412 i.
2781 3379 2804 3414 r

1656 3436 1866 3501 (Παῦλος
1889 3441 1967 3486 καὶ
1991 3439 2215 3500 Τιμόθεος
2239 3437 2476 3505 δοῦλοι).

1718 3534 1869 3581 neque
1889 3520 2180 3582 apostolum]
2233 3521 2308 3570 As
2329 3521 2380 3570 in
2406 3523 2537 3588 Eph.
2566 3523 2601 3573 i.
2625 3540 2676 3584 ι,
2693 3526 2807 3574 Col.

1650 3597 1683 3646 i.
1721 3613 1740 3646 1
1770 3600 1855 3659 (Π.
1879 3597 2182 3663 ἀπόστολος).

1726 3693 1744 3726 r
1753 3695 1801 3742 3.
1859 3686 1920 3728 ut
1945 3696 2044 3729 non
2067 3682 2370 3744 auctoritate,
2397 3683 2513 3746 &c.]
2579 3685 2659 3735 Cf.
2687 3687 2806 3736 Wa·
2883 3723 2886 3726 -

1652 3759 1814 3810 lafrid.
1841 3763 2006 3812 Strab.
2038 3764 2110 3812 ad
2132 3765 2182 3814 h.
2203 3765 2274 3815 Le
2313 3767 2465 3816 “non
2497 3767 2619 3818 dicit
2658 3769 2806 3834 ‘apo-

1651 3841 1845 3904 stoluS,’
1879 3844 2016 3909 quod
2053 3853 2126 3895 est
2165 3862 2350 3896 nomen
2387 3848 2678 3913 dignitatis3
2716 3853 2805 3901 sed

1658 3923 1920 3985 ‘uinctusss
1963 3927 2102 3991 quod
2137 3935 2212 3977 est
2251 3944 2432 3978 nomen
2479 3930 2804 3991 humilitatis;

1649 4008 1768 4073 quia
1791 4025 1890 4059 non
1913 4009 2142 4075 imperat,
2166 4011 2254 4062 sed
2278 4020 2400 4063 orat.
2412 4010 2442 4034 ’³

1721 4105 1797 4154 15.
1839 4095 1975 4158 quod
1990 4101 2042 4143 et
2057 4095 2204 4144 ualde
2215 4097 2432 4157 suadere,
2450 4097 2566 4160 &c.]
2601 4099 2802 4164 chrys.:

1649 4174 1707 4221 τὸ
1750 4174 2030 4232 &Hortarer
2073 4176 2295 4225 ἐντεῦθεν
2336 4179 2532 4230 δεικνύς.
2616 4181 2801 4234 Thdt.:

1649 4251 1918 4317 ἀξιόχρεων
1951 4258 2030 4305 διὰ
2072 4255 2171 4305 τῶν
2209 4259 2397 4317 δεσμῶν
2441 4263 2808 4321 κατασκευάζων

1647 4337 1738 4396 τὴν
1771 4339 1978 4398 αἴτησιν.
2055 4339 2235 4391 Hier-x
2275 4343 2311 4368 “
2325 4344 2602 4394 necessaria
2633 4355 2804 4395 aucto-

1651 4419 1769 4469 ritas
1791 4419 2154 4472 uinculorum.”
