3250 5025
585 388 670 457 70
713 416 721 423 -
1238 391 1697 443 TnEODORUS
1744 392 2331 445 iroPsuEs‘rENUs
2746 384 2823 468 [I.
2858 398 2914 464 3,
2944 400 3005 463 4.

581 560 699 623 sed
747 571 822 625 ut
865 562 1094 626 omnia
1138 583 1260 645 pro
1301 562 1416 628 illa
1457 564 1703 630 faceret
1742 565 2189 630 sollicitudine
2238 588 2441 651 quam
2488 588 2646 653 erga
2692 570 3002 636 ecclesias

583 663 710 727 Dei
744 666 1128 748 expendere
1159 666 1373 733 suerat
1403 669 1769 735 ordinatus·
1838 671 1924 735 de
1948 672 2189 754 quibus
2222 673 2424 737 etiarn
2458 657 2769 738 omnibus
2800 676 3001 759 scrip-

577 768 744 832 sisse
774 769 1039 833 uidetur
1065 771 1152 833 ad
1184 792 1336 835 eum
1368 774 1436 835 in
1470 771 1816 856 epistolast'f

705 882 861 937 sunt
909 884 1138 938 autem
1181 896 1414 942 sensus
1455 879 1592 944 duo
1635 877 1979 963 complexi
2022 878 2149 943 sibi
2192 878 2498 956 inuicem,
2543 880 2761 965 primo
2800 900 2999 946 sensu

515 975 944 1061 5secundum
996 977 1560 1046 exclamationem
1613 984 1979 1067 inperfecte
2038 1003 2376 1067 expresse,
2432 992 2507 1048 ut
2565 984 2685 1047 tali
2744 987 2999 1050 ratione

580 1082 781 1145 etiam
816 1100 1023 1144 unum
1055 1104 1201 1146 esse
1245 1086 1425 1169 quod
1468 1088 1725 1151 dictum
1766 1096 1875 1151 est·
1899 1087 2253 1151 uideretur.
2344 1086 2490 1151 uult
2532 1088 2710 1151 enim
2744 1088 2998 1153 dicere:

579 1186 784 1249 ‘sicut
829 1195 896 1249 te
935 1190 1183 1270 rogaui,
1229 1191 1672 1258 Macedoniae
1709 1193 2148 1275 proficiscens»,
2199 1201 2273 1255 ut
2322 1193 2681 1256 sustineres
2728 1192 2998 1275 Ephesi,

577 1290 997 1373 diligentiam
1030 1293 1158 1356 illis
1188 1292 1514 1359 adhibens
1556 1296 1671 1380 qui
1722 1295 1841 1359 illo
1882 1303 2079 1373 sunt;
2122 1294 2303 1378 quod
2335 1305 2404 1358 et
2432 1294 2651 1370 facit0,
2685 1296 2995 1359 commis-

576 1415 725 1458 sum
776 1395 897 1459 tibi
945 1418 1114 1479 opus
1164 1399 1550 1481 expediens,
1606 1411 1676 1466 et
1725 1402 1953 1464 omnia
2001 1398 2281 1463 sollicite
2330 1399 2615 1481 implens
2673 1421 2847 1483 quae
2908 1401 2993 1463 ad

471 1516 550 1563 10
575 1518 999 1562 communem
1053 1502 1388 1584 pertinent
1440 1501 1952 1569 correctionem.’
2041 1502 2169 1566 hoc
2212 1503 2411 1586 igitur
2455 1513 2573 1579 est,
2620 1502 2800 1586 quod
2848 1503 2996 1568 uult

573 1604 946 1687 significare
998 1626 1117 1687 per
1165 1605 1327 1669 illud
1389 1608 1570 1690 quod
1621 1607 1843 1671 dixit:
1906 1607 2077 1671 sicut
2120 1606 2358 1688 rogaui
2399 1616 2457 1670 te
2516 1616 2595 1669 ut
2650 1606 2996 1671 sustineres

569 1709 826 1793 Ephesi,
873 1730 1018 1772 cum
1068 1710 1228 1773 irem
1283 1710 1352 1775 in
1401 1710 1859 1775 Macedoniam
1883 1737 1914 1788 ,·
1978 1712 2159 1796 quod
2208 1720 2275 1775 et
2325 1711 2687 1795 inperfecte
2737 1712 2991 1774 dictum

569 1835 714 1880 esse
758 1814 1081 1889 adstruxi,
1128 1815 1329 1878 beato
1377 1813 1584 1879 Paulo
1637 1826 1955 1880 consuete
2014 1814 2273 1881 nullum
2336 1816 2639 1898 loquelae
2698 1814 2991 1879 studium

551 1919 945 1995 adhibente,
993 1918 1155 1982 illud
1207 1928 1432 1982 autem
1478 1921 1659 2002 quod
1708 1920 1831 1983 sibi
1880 1919 2231 1983 uidebatur
2277 1939 2397 2001 pro
2458 1938 2577 1981 sua
2625 1918 2872 1982 uirtute
2918 1929 2993 1983 ut

461 2044 532 2110 15
565 2032 829 2107 poterat
869 2023 1268 2104 explicante.
1360 2044 1516 2088 nam
1569 2046 1691 2089 nec
1723 2024 2147 2107 disciplinam
2178 2024 2443 2087 dicendi
2476 2024 2839 2099 studuerat,
2873 2023 2990 2086 sed

570 2148 692 2192 nec
721 2146 844 2210 pro
884 2125 1012 2191 hoc
1054 2129 1349 2192 studium
1393 2130 1913 2194 adcommodare
1954 2130 2359 2193 conueniens
2400 2128 2527 2192 sibi
2568 2148 2713 2192 esse
2754 2128 2991 2192 existi·

567 2232 815 2299 mahat.
905 2232 1149 2296 deinde
1179 2233 1414 2297 adicit:
1444 2245 1521 2298 ut
1547 2234 1963 2297 denuntiares
1990 2232 2378 2315 quibusdam
2410 2241 2477 2295 et
2519 2231 2768 2315 reliqua
2798 2254 2813 2310 ;
2859 2231 2988 2297 hoc

566 2340 795 2402 dicens
848 2337 1028 2421 quod
1083 2337 1191 2401 uel
1249 2339 1547 2401 maxime
1601 2346 1759 2401 ante
1819 2338 2049 2401 omnia
2106 2355 2261 2400 eum
2306 2356 2658 2419 procurare
2704 2335 2992 2403 uolebat.

570 2444 729 2529 quid
763 2462 921 2525 ergo
953 2442 1117 2506 illud
1153 2442 1304 2506 est?
1393 2449 1408 2474 ‘
1431 2442 1588 2505 uolo
1619 2450 1689 2505 te
1732 2438 1999 2524 (inquit)
2046 2449 2203 2503 ante
2246 2439 2472 2502 omnia
2509 2448 2583 2503 ut
2624 2436 2993 2505 dehorteris

459 2569 545 2616 20
571 2549 720 2614 illos
768 2549 882 2631 qui
936 2548 1004 2610 in
1063 2546 1342 2612 ecclesia
1395 2546 1525 2610 alia
1573 2546 1852 2628 cupiunt
1904 2546 2144 2607 docere
2194 2553 2661 2627 praeterquam
2723 2545 2992 2627 pietatis

573 2731 934 2800 κατέλιπεν
979 2729 1177 2796 αὐτὸν
1229 2731 1298 2796 ἐν
1341 2728 1625 2817 Ἐφέσῳ,
1674 2727 1859 2794 ἀλλὰ
1904 2726 2017 2794 καὶ
2078 2726 2307 2808 πάσης
2358 2725 2823 2810 ἐπιμελεῖσθαι
2880 2727 2998 2807 τῆς

576 2839 1136 2919 ἐκκλησιαστικῆς
1180 2832 1675 2912 καταπόσεως,
1719 2832 1875 2920 περὶ
1916 2828 1995 2913 ἧς
2040 2829 2223 2918 αὐτῷ
2269 2830 2379 2897 καὶ
2422 2828 2855 2918 «γεγράφηκεν.

678 3042 705 3090 5
741 3023 1014 3090 inperfecto
1035 3024 1098 3073 H

584 3111 628 3162 C
706 3109 760 3158 in
799 3109 940 3158 illum
979 3107 1083 3156 Ην

585 3195 644 3242 18
678 3197 846 3240 autem
872 3187 994 3252 (sor
1013 3184 1147 3250 eum)
1177 3185 1221 3237 C
1239 3203 1272 3238 r

1301 3024 1332 3073 8
1372 3022 1474 3072 mie
1496 3038 1528 3070 r
1553 3020 1561 3086 Ι
1590 3020 1739 3070 facite
1762 3036 1795 3069 r

1295 3119 1356 3171 14
1389 3105 1713 3156 adhibentem
1748 3119 1782 3153 r

2005 3034 2063 3083 13
2097 3025 2364 3068 consuetae
2386 3037 2419 3067 r
2444 3017 2453 3084 Ι
2480 3019 2606 3069 illud
2637 3018 2754 3084 (sor
2782 3018 2996 3078 nullum)

1998 3115 2055 3165 15
2090 3102 2339 3166 explicare
2371 3102 2441 3152 H
2645 3113 2700 3164 17
2751 3101 2933 3151 adiecit
2970 3118 3004 3150 r

589 3369 662 3419 15,
691 3353 766 3405 16.
833 3354 943 3404 The
977 3353 1081 3403 Gk.
1105 3353 1197 3403 has
1230 3353 1358 3403 been
1388 3361 1530 3417 eropt
1563 3353 1633 3417 by
1654 3352 1741 3402 the

581 3437 822 3498 catenistg
860 3435 1124 3500 originally
1152 3435 1192 3485 it
1221 3450 1337 3499 may
1365 3435 1494 3484 have
1523 3449 1642 3484 run:
1688 3430 1742 3483 οὖ

582 3524 683 3586 γὰρ
702 3521 933 3584 βούλεται
961 3520 1121 3568 εἰπεῖν
1145 3520 1271 3567 κατὰ
1299 3519 1357 3567 τὸ
1385 3518 1643 3581 πρόχειρον
1668 3517 1743 3566 ὅτι

1846 3345 2229 3412 παραγγείλῃς),
2266 3348 2413 3397 κ.τ.λ.
2486 3347 2597 3396 The
2635 3347 2741 3398 first
2778 3348 2840 3397 of
2861 3346 3004 3399 these

1842 3439 2105 3482 sentences
2148 3430 2191 3480 is
2222 3429 2312 3480 lest
2358 3429 2679 3493 incomplete‚
2740 3429 2866 3480 after
2914 3430 3002 3481 the

1842 3529 2053 3564 manner
2073 3512 2131 3562 of
2155 3527 2221 3562 an
2253 3511 2585 3561 exclamation
2624 3509 2751 3575 (κατ’
2786 3513 3004 3572 ἐκφώνη-

586 3605 916 3668 παρεκάλεσεν
956 3602 1101 3651 αὐτὸν
1133 3603 1420 3664 προσμεῖναι
1457 3602 1506 3649 ἐν
1543 3597 1743 3661 Ἐφέσῳ

586 3689 664 3736 ἶνα
687 3685 1000 3748 παραγγείλῃ
1026 3685 1155 3732 τισὶν
1182 3679 1253 3742 μὴ
1281 3683 1741 3745 ἑτεροδιδασκαλεῖν·

588 3763 644 3817 οὐ
666 3767 766 3830 γὰρ
788 3765 868 3814 διὰ
886 3764 1031 3813 τοῦτο
1052 3763 1196 3822 μόνον
1217 3761 1490 3818 κατέλιπεν,
1524 3765 1670 3811 xer-R.

654 3868 702 3912 4.
781 3862 950 3894 sensus
1011 3845 1109 3894 duo
1169 3843 1404 3908 complexi
1455 3843 1554 3892 siba·
1611 3841 1745 3904 inm]

588 3928 809 3990 νοήματα
837 3929 922 3976 δύο
957 3921 1372 3987 συμπεπλεγμένα
1402 3923 1649 3987 duston,
1688 3941 1747 3974 or

589 4014 674 4064 the
707 4012 842 4072 like;
889 4027 972 4062 see
1001 4024 1040 4061 1.
1075 4027 1124 4077 p.
1156 4012 1224 4061 xl.
1297 4011 1398 4060 For
1429 4011 1740 4075 complectere,

588 4097 654 4147 cs.
681 4096 902 4157 R6nsch‚
931 4095 1082 4151 Itala,
1107 4110 1162 4159 p.
1188 4109 1297 4159 300.

647 4179 816 4243 primo
857 4193 1001 4228 sensu
1034 4193 1120 4227 sec.
1155 4175 1582 4234 exclamationem]
1634 4174 1747 4224 The

591 4260 828 4324 meaning
893 4273 1054 4309 seems
1110 4265 1165 4310 to
1215 4257 1280 4307 be
1336 4255 1445 4306 that
1495 4254 1583 4304 the
1641 4255 1745 4318 Ap.

591 4343 684 4394 has
717 4343 884 4394 mixed
919 4357 986 4408 up
1025 4349 1128 4392 two
1162 4339 1453 4397 directions„
1491 4337 1562 4402 (1)
1592 4340 1749 4389 καθὼς

593 4423 906 4484 παρεκάλεσά
937 4440 996 4474 σε
1029 4424 1316 4486 προσμεῖναι
1347 4422 1400 4470 ἐν
1427 4421 1502 4468 Ἦ.
1543 4437 1651 4483 πορ.
1685 4420 1750 4468 εἰς

595 4507 686 4568 Μ,
737 4503 910 4570 [οὕτως
965 4505 1126 4567 ποίει],
1177 4504 1247 4568 (2)
1296 4505 1617 4566 παράγγελλε
1650 4501 1747 4561 (ἵνα

1844 3597 1972 3658 σιν);
2006 3596 2104 3646 and
2131 3610 2187 3644 as
2207 3597 2247 3644 it
2269 3594 2458 3650 stands,
2482 3594 2521 3644 it
2554 3609 2715 3643 seems
2740 3601 2793 3643 to
2820 3594 2948 3644 somn
2974 3612 3006 3646 a

1843 3685 1956 3744 part
1992 3677 2051 3727 of
2074 3677 2159 3727 the
2190 3691 2328 3726 same
2357 3675 2525 3725 clause
2558 3676 2683 3726 with
2712 3675 2800 3726 the
2834 3677 3003 3728 words

1843 3761 1922 3809 tva
1965 3759 2319 3822 παραγγείλῃς,
2364 3757 2529 3806 which
2580 3757 2739 3822 really
2776 3757 2925 3822 begin
2972 3775 3006 3808 a

1842 3841 1973 3892 fresh
1996 3841 2097 3891 and
2122 3840 2461 3904 independent
2484 3838 2695 3903 subject.

1914 3935 1959 3988 7.
2026 3921 2349 3972 Macedoniae
2391 3919 2722 3986 prqficiscens]
2794 3923 3005 3987 Jacobi:

1850 4007 1887 4031 ‘⁸
1901 4004 2109 4054 sortasse
2140 4003 2407 4069 legendum
2430 4010 2505 4052 est
2530 4001 2587 4050 in
2610 4003 3006 4056 Macedoniam.'’

1846 4087 1927 4138 Cf.
1952 4086 2185 4137 however
2209 4097 2267 4136 11.
2296 4101 2348 4150 p.
2378 4099 2420 4145 1,
2450 4084 2482 4134 l.
2518 4098 2593 4141 ιο,
2612 4093 2751 4134 note.

1917 4185 1992 4234 13.
2067 4165 2675 4229 adstnaxz]=adfirmaui;
2699 4167 2763 4217 cf.
2790 4168 2871 4218 De
2894 4167 3002 4232 vit,

1844 4267 1881 4302 s.
1911 4267 1958 4301 v.
2027 4249 2247 4299 Nullum
2258 4263 2285 4307 ,·
2320 4264 2403 4298 see
2436 4263 2517 4298 vv.
2546 4248 2599 4298 11.
2670 4247 2782 4298 The
2814 4265 3009 4301 correc-

1848 4334 1957 4385 tion
1995 4334 2038 4384 is
2074 4332 2353 4397 absolutely
2390 4328 2621 4397 required
2658 4331 2727 4395 by
2760 4332 2848 4383 the
2885 4347 3005 4390 con-

1850 4425 1981 4476 text3
2014 4431 2182 4480 comp.
2206 4421 2327 4465 next
2346 4422 2482 4464 note.

1922 4513 1993 4562 15.
2040 4515 2161 4548 nam
2186 4507 2270 4548 net
2288 4496 2753 4560 disciplinam...sed
2770 4513 2870 4556 nec,
2890 4497 3013 4561 δια]
