3250 5025
397 203 422 230 ἱ

297 365 390 440 ΙΙ.
435 383 526 449 14
571 368 687 454 15.]
1015 383 1096 434 IN
1147 383 1251 432 EP.
1298 383 1402 432 AD
1447 382 1912 434 TIMOTHEUM
1961 384 2006 432 1.
2631 385 2713 454 95

425 559 492 614 et
515 552 578 614 A
589 551 744 614 dam
775 573 900 614 non
929 561 1026 616 est
1059 551 1354 616 seductus
1369 576 1402 630 ,·
1447 553 1690 618 mulier
1718 563 1935 617 autem
1973 555 2231 619 seducta
2274 556 2343 620 in
2370 557 2717 639 praeuari-

296 653 608 716 cationem
621 655 818 736 facta
847 663 956 718 est.

429 780 498 834 et
546 772 818 854 quidem
865 773 1179 838 seductus
1225 783 1329 838 est
1374 783 1443 838 et
1487 774 1643 853 ille;
1718 777 1837 839 sed
1884 775 2201 858 quoniam
2249 777 2317 841 in
2365 797 2722 842 commune

297 874 688 957 disputabat
715 878 1096 942 discernens
1126 899 1300 960 quae
1329 878 1600 961 quidem
1632 899 1673 942 a
1720 879 2104 944 mulieribus
2136 880 2414 945 fuissent
2444 891 2721 964 peccata

297 978 608 1054 admissa,
628 999 800 1061 quae
819 1001 978 1046 uero
998 1003 1038 1044 a
1061 981 1234 1058 uiriS,
1260 984 1431 1046 bene
1457 982 1643 1046 illum
1677 983 1947 1066 quidem
1972 1004 2105 1046 non
2127 983 2327 1048 fuisse
2350 985 2718 1062 seductum,
2796 1006 2827 1073 5

297 1079 472 1144 hanc
525 1103 682 1147 uero
735 1085 1104 1160 seductam,
1150 1081 1285 1166 †eo
1329 1087 1510 1168 quod
1558 1085 1733 1150 illius
1778 1086 2187 1150 seductionis
2232 1087 2469 1151 mulier
2518 1107 2721 1150 causa

297 1189 605 1252 extitisse
641 1188 1012 1263 uidebatur,
1043 1189 1198 1270 quia
1233 1207 1314 1250 ea
1353 1189 1421 1250 in
1455 1188 1643 1252 illurn
1686 1209 1957 1252 causam
2000 1199 2257 1253 uertere
2296 1209 2719 1272 nequaquam

299 1290 626 1371 poterat!
715 1301 783 1355 et
831 1301 908 1356 ut
953 1311 1038 1354 ne
1091 1291 1426 1355 uideretur
1471 1292 1556 1355 de
1601 1313 1843 1375 genere
1892 1293 2242 1358 mulierum
2291 1295 2722 1377 pronuntiare

299 1394 489 1474 quasi
537 1394 769 1459 inutile
812 1397 900 1460 ad
945 1396 1284 1477 pietatem,
1315 1396 1472 1478 quia
1517 1397 1681 1460 ritus
1723 1396 1837 1460 ille
1876 1408 1943 1461 et
1986 1399 2087 1460 ius
2129 1397 2197 1460 in
2244 1398 2425 1461 omni
2473 1416 2721 1479 genere

301 1497 651 1562 mulierum
705 1500 1035 1581 pertinere
1094 1500 1374 1577 uidetur,
1425 1500 1737 1564 ‘seducta
1784 1509 1885 1564 est
1922 1501 2071 1576 -illa,
2127 1501 2417 1583 idipsum
2466 1498 2720 1563 iustitia
2754 1515 2834 1564 10

297 1609 370 1664 et
401 1603 569 1667 ratio
600 1604 982 1687 depostulat
1013 1605 1080 1666 in
1111 1605 1424 1668 omnibus
1454 1604 1664 1668 uideri
1698 1603 2140 1669 mulieribus’:

428 1739 802 1803 saluabitur
852 1749 1066 1802 autem
1091 1749 1212 1821 per
1245 1736 1553 1821 filiorum
1597 1738 2115 1822 procreationem,
2169 1736 2237 1801 si
2284 1735 2601 1800 manserit
2649 1735 2719 1798 in

295 1839 430 1917 fide
457 1851 520 1904 et
545 1845 816 1907 caritate
842 1853 904 1906 et
929 1841 1429 1925 sanctificatione
1456 1863 1599 1905 cum
1615 1841 1961 1926 pudicitia.

435 1965 585 2028 ‘sed
621 1986 753 2028 non
787 1965 974 2046 origo
1005 1971 1108 2026 est
1138 1960 1576 2044 repellenda';
1617 1973 1742 2043 per
1762 1961 2069 2044 filiorum
2100 1961 2277 2024 enim
2312 1960 2538 2023 dicens
2570 1967 2717 2040 pro-

299 2067 697 2146 creationem,
730 2067 798 2129 in
829 2065 1386 2147 subsequentibus
1429 2063 1496 2125 id
1544 2063 2048 2138 demonstrauit,
2082 2061 2465 2125 mulieribus
2496 2068 2717 2124 osten-
2753 2071 2824 2138 15

432 2225 660 2308 ἐπειδὴ
709 2226 956 2294 ἐκείνου
1002 2229 1123 2307 μὲν
1174 2230 1290 2310 τῆς
1340 2225 1603 2305 ἀπάτης
1656 2225 1779 2308 τὴν
1822 2224 2043 2291 αἰτίαν
2094 2221 2273 2312 εἶχεν
2320 2221 2502 2300 αὕτη,
2548 2217 2716 2302 αὐτὴ

302 2327 376 2396 δὲ
420 2327 522 2394 ἐπ’
567 2329 808 2395 ἐκεῖνον
854 2331 973 2412 τῆν
1017 2329 1240 2396 αἰτίαν
1287 2325 1595 2416 στρέφειν
1640 2327 1755 2392 οὐκ
1796 2326 2096 2410 ἠδύνατο.

399 2480 431 2525 4
465 2461 790 2527 disputabant
814 2462 882 2513 H

301 2542 390 2592 H:
426 2549 508 2591 txt
530 2559 562 2592 r

301 2641 334 2692 9
367 2624 596 2674 inutilem
618 2624 744 2673 CH
931 2638 992 2675 ιο
1015 2624 1128 2674 illas
1159 2640 1192 2672 r

303 2772 520 2833 (Fulal),
567 2770 892 2836 “figuratus”
937 2773 1120 2833 (Arm),
1175 2775 1422 2823 “creatus
1437 2772 1468 2795 ”

304 2853 619 2914 (Ambrstr.).
713 2854 975 2903 Plasmare
1019 2854 1262 2915 (Riinsch,
1309 2854 1464 2915 Itala,

303 2948 354 2997 p.
385 2934 518 2995 253)·
554 2932 748 2995 though
781 2932 834 2981 in
867 2932 953 2981 the
988 2933 1056 2983 Ο.
1081 2934 1140 2982 Τ.
1171 2948 1312 2982 more
1345 2932 1469 2983 than

304 3028 432 3063 once
453 3013 696 3077 accepted
709 3029 774 3072 ‚as
803 3012 892 3063 the
914 3013 1202 3077 equivalent
1224 3014 1283 3063 of
1309 3012 1468 3062 πλάσ-

305 3111 427 3153 σειν,
456 3094 498 3142 is
521 3102 611 3143 not
633 3095 756 3143 used
785 3095 852 3158 by
876 3095 960 3145 the
983 3095 1136 3160 Vulg.
1161 3094 1321 3146 either
1347 3094 1468 3145 here

305 3189 362 3223 or
385 3182 436 3222 at
460 3174 611 3223 Rom.
640 3174 703 3223 ix.
729 3188 809 3223 20.

370 3272 417 3305 2.
473 3256 618 3319 sacta
659 3256 750 3315 est]
803 3253 1018 3317 ’γὲ-γυνη.
1087 3256 1159 3307 So
1195 3256 1466 3317 Ambrstr„

309 3336 476 3397 Hier„
505 3338 668 3400 Aug.;
705 3337 875 3401 Vulg„
909 3335 1110 3387 “fuit.”

372 3433 418 3481 3.
486 3425 533 3467 et
552 3418 746 3481 quidem
768 3419 864 3467 sed.
899 3423 969 3466 est
995 3424 1040 3467 a
1061 3418 1162 3479 ille]
1203 3418 1218 3443 ⁸
1232 3417 1286 3467 1f
1300 3418 1468 3467 Adam

303 3513 409 3547 was
440 3498 698 3555 deceived‚
720 3498 799 3546 his
821 3514 958 3547 error
985 3514 1090 3548 was
1119 3498 1239 3561 only
1261 3500 1468 3548 second-

303 3592 408 3640 ary,
448 3577 487 3626 it
523 3577 624 3626 had
664 3578 728 3626 its
763 3585 872 3626 root
907 3578 957 3626 in
993 3578 1080 3626 the
1118 3577 1384 3641 deception
1417 3576 1478 3626 of

304 3658 453 3709 Eve.'
521 3660 592 3711 So
628 3660 784 3708 Thdt.
821 3659 898 3723 (τὸ
926 3661 1040 3709 ὀὐκ
1073 3657 1305 3719 ἠπατήθη
1324 3656 1338 3681 ’
1363 3658 1469 3709 ἀντὶ

303 3744 394 3791 τοῦ
440 3744 456 3769 ⁸
471 3744 528 3793 οὔ
570 3744 762 3804 πρῶτος
782 3741 796 3764 ’
847 3742 1067 3805 εἴρηκεν),
1119 3741 1310 3806 adding
1359 3741 1469 3791 that

305 3823 562 3888 Scripture
607 3823 789 3887 speaks
822 3823 882 3873 of
907 3824 1014 3873 Eve
1047 3822 1167 3887 only
1199 3838 1254 3873 as
1283 3822 1472 3887 having

303 3909 434 3957 been
475 3907 710 3962 deceived
749 3908 899 3969 (Gen.
935 3906 1005 3955 iii.
1047 3906 1146 3970 13)·
1207 3906 1337 3957 Oec.
1376 3907 1470 3957 has

302 3989 516 4039 another
555 3988 882 4053 justification
917 3988 978 4039 of
1017 3990 1070 4039 S.
1109 3988 1278 4039 Paul’s
1320 3997 1470 4040 state·

303 4078 474 4121 ment:
507 4068 780 4132 πρὸςτήν
801 4068 1124 4132 σύγκρισιν
1151 4066 1379 4129 ἀπάτην
1407 4068 1470 4125 ἣν

303 4148 338 4210 ἡ
358 4147 484 4209 γυνὴ
521 4146 768 4211 ἠπατήθη,
797 4150 908 4198 οὐδὲ
941 4145 1110 4209 ἀπάτη
1144 4150 1280 4199 ἐστὶν
1314 4144 1346 4209 ἡ
1380 4147 1469 4197 τοῦ

293 4229 476 4292 ’Δδᾶμ.

367 4313 414 4365 6.
481 4330 533 4364 eo
574 4314 708 4379 quod
739 4311 1234 4375 illius...uidebatur]
1313 4312 1463 4364 Cited

305 4395 376 4459 by
399 4395 666 4445 lanfranc.

377 4488 422 4536 7.
488 4476 608 4540 quia
641 4490 694 4522 ea
731 4474 789 4523 in
823 4474 986 4535 illum,
1018 4474 1135 4534 δία]
1191 4472 1288 4524 See
1308 4488 1388 4524 vv.
1419 4474 1470 4523 11.

1113 2461 1146 2512 6
1178 2477 1380 2513 causam
1417 2470 1517 2512 ext.
1554 2461 1901 2513 scribebantur
1927 2463 1971 2513 C
1983 2459 2012 2488 ⁴*
2053 2473 2253 2512 causam
2288 2464 2389 2508 ext.
2420 2455 2719 2505 uidebantur

779 2556 806 2607 7
841 2543 928 2608 qui
963 2559 1024 2593 ω
1061 2543 1115 2591 in
1145 2544 1288 2593 illum
1327 2558 1370 2592 c.
1402 2544 1528 2593 CH
1597 2542 1717 2608 quia
1748 2542 1802 2593 in
1840 2542 1979 2593 illam
2015 2556 2060 2593 c.
2100 2556 2135 2590 r

1391 2638 1448 2687 ¹5
1482 2624 1847 2674 demonstrabit
1876 2625 1920 2673 C
1930 2624 1997 2673 H
2000 2639 2033 2672 r

2358 2542 2389 2591 8
2419 2548 2652 2606 poterant
2688 2558 2722 2591 r

2204 2620 2263 2671 16
2297 2622 2455 2672 Coisl.
2484 2637 2594 2686 204,
2622 2623 2658 2672 1.
2676 2639 2719 2672 c.

1563 2772 1665 2821 and
1689 2770 1787 2821 Gk.
1863 2770 1924 2819 In
1949 2769 2078 2819 Gen.
2104 2768 2175 2817 iii.
2202 2781 2279 2825 12,
2316 2782 2373 2831 13
2416 2768 2529 2817 Eve
2546 2768 2722 2818 makes

1564 2868 1633 2901 no
1668 2858 1880 2917 attempt
1917 2858 1971 2900 to
2006 2856 2159 2901 retort
2193 2864 2331 2913 upon
2368 2848 2457 2899 her
2490 2848 2723 2899 husband

1564 2932 1651 2981 the
1673 2932 1854 2996 charge
1874 2931 1941 2981 he
1962 2930 2070 2994 lays
2091 2930 2287 2993 against
2316 2928 2423 2978 her.

1630 3029 1677 3079 9.
1742 3015 1867 3077 quia
1902 3014 2033 3063 n'ttu·
2066 3012 2153 3061 ille
2183 3017 2231 3059 et
2264 3011 2358 3069 ius,
2406 3010 2525 3071 δια]
2610 3011 2723 3061 ‘To

1563 3105 1772 3161 prevent
1826 3096 1913 3145 the
1956 3095 2205 3144 inference
2258 3093 2367 3142 that
2416 3108 2447 3141 a
2497 3100 2624 3142 state
2670 3090 2730 3140 of

1564 3177 1831 3242 deception
1853 3176 1952 3225 and
1975 3175 2051 3223 sin
2070 3174 2113 3223 is
2130 3175 2217 3223 the
2246 3172 2439 3223 normal
2462 3171 2723 3221 condition

1563 3258 1622 3307 of
1638 3256 1996 3307 womankind.’
2060 3255 2220 3317 Quasi
2240 3253 2339 3303 and
2362 3252 2487 3317 quia
2509 3268 2645 3303 seem
2668 3259 2723 3303 to

1563 3340 1693 3389 have
1715 3338 1942 3402 changed
1966 3337 2151 3401 places.

1638 3438 1715 3471 η.
1772 3429 1863 3485 per
1894 3418 2367 3484 fprocreatzbnemJ
2424 3418 2488 3468 Ο.
2520 3418 2579 3466 L.
2620 3418 2723 3467 and

1709 3536 1739 3561 .‚
1796 3504 1937 3565 “per
1979 3500 2009 3549 s.
2062 3497 2476 3563 generationem'’
2525 3496 2716 3561 (Faba,

1571 3595 1638 3629 ιι.
1690 3596 1756 3629 m.
1820 3577 2371 3643 “regenerationem”).
2450 3578 2720 3636 Alamen't,

1566 3677 1623 3711 so
1689 3660 1956 3720 Ambrstr.,
2030 3660 2171 3709 Hier.
2231 3656 2721 3723 (“permanserit”);

1568 3741 1693 3799 Gk„
1716 3742 1954 3800 μείνωσιν.
2022 3740 2101 3789 Cf.
2126 3740 2285 3804 infra,
2312 3754 2365 3803 p.
2389 3738 2467 3804 96,
2497 3739 2533 3787 l.
2561 3752 2605 3788 2.

1638 3838 1712 3881 14.
1744 3828 1841 3884 per
1864 3819 2105 3884 filiorum
2151 3820 2283 3867 enim
2324 3818 2491 3867 dicens
2531 3818 2722 3883 proca]

1567 3902 1694 3952 This
1736 3918 1895 3953 seems
1939 3908 1992 3951 to
2035 3902 2101 3949 be
2136 3901 2275 3950 short
2313 3900 2391 3949 for
2430 3901 2559 3963 quid
2584 3902 2723 3951 enim

1565 3985 1699 4034 dicat
1718 3982 1905 4049 ‘persi’
1929 3984 2090 4031 dt'cms
2118 3979 2562 4046 ‘procreationem’
2595 3984 2721 4031 Pro-

1557 4065 1722 4129 gvm'es
1766 4066 1835 4127 (p.
1880 4061 1961 4129 96,
2006 4061 2039 4111 l.
2092 4063 2137 4123 1)
2184 4062 2225 4111 is
2268 4060 2563 4126 apparently
2587 4084 2633 4103 =
2659 4060 2721 4112 τό

1565 4145 1715 4209 γένος,
1762 4143 2114 4206 womankind3
2158 4144 2222 4194 cf.
2262 4143 2419 4207 infra,
2458 4160 2510 4209 p.
2544 4142 2628 4210 96,
2664 4144 2719 4195 11.

1566 4245 1616 4289 4,
1664 4242 1693 4291 5
1742 4224 1777 4291 (‘
1799 4224 2088 4275 saluabitur
2103 4226 2115 4249 ²
2132 4262 2251 4276 ......
2268 4225 2327 4273 de
2358 4238 2533 4288 genere
2570 4224 2723 4288 loqui-

1566 4308 1691 4368 tur).

1638 4403 1713 4453 ¹5·
1752 4388 1997 4439 ostendens
2008 4385 2485 4453 qaod...resp1‘ciunt]
2520 4384 2725 4449 Quoted

1564 4472 1635 4535 by
1658 4467 1921 4529 Lausi-ane,
1951 4468 2066 4517 who
2088 4467 2215 4517 adds
2238 4467 2383 4528 (from
2406 4482 2457 4531 p.
2476 4465 2556 4530 96,
2585 4464 2617 4516 1.
2650 4468 2722 4529 5):
