3250 5025
380 2080 450 2146 15

475 316 554 396 58
1139 326 1595 381 TIIEODORUS
1644 326 2230 379 MOPSUESTENUS

2470 313 2588 398 [II.
2629 331 2897 397 10—13.

589 512 714 583 pro
741 498 973 583 quibus
999 498 1335 563 caritatem
1365 500 1669 566 ueritatis
1694 522 1821 565 non
1848 510 2253 584 susceperunt
2279 510 2357 565 ut
2381 502 2733 567 saluentur.

603 628 620 653 ‘
643 642 794 685 cum
837 620 1219 684 conuenerit
1265 618 1535 705 (inquit)
1571 643 1687 686 eos
1728 641 2118 705 permanere
2160 622 2227 685 in
2270 623 2552 687 ueritate
2580 622 2896 699 caritati3‚

473 735 542 791 et
571 747 707 790 non
737 725 1079 790 discedere
1107 726 1196 789 ab
1228 723 1375 807 ipsa
1405 745 1496 788 ex
1527 746 1663 809 qua
1694 734 1763 789 et
1795 724 2037 789 saluari
2070 722 2419 807 poterant?

603 889 666 944 et
697 889 962 963 propter
1001 878 1117 943 ltoc
1164 878 1376 945 mittit
1415 880 1510 944 eis
1555 881 1739 944 Deus
1794 879 2287 964 inoperationem
2333 868 2592 960 εννοήἰς,
2645 892 2725 946 ut
2770 905 2897 947 cre-

414 1009 445 1078 5
475 984 641 1048 dant
683 984 1009 1048 mendacio
1026 1008 1056 1059 ,·
1101 994 1180 1048 ut
1221 984 1588 1050 iudicentur
1625 1007 1841 1051 omnes
1868 986 1989 1069 qui
2012 1007 2137 1051 non
2174 987 2586 1054 crediderunt
2611 987 2894 1065 ueritati,

473 1089 592 1153 sed
613 1087 1124 1170 complacuerunt
1151 1086 1506 1170 iniquitati.

606 1205 947 1288 †euidens
978 1214 1096 1282 est,
1130 1206 1447 1287 quoniam
1479 1207 1979 1272 concessionem
2014 1210 2142 1274 Dei
2174 1212 2366 1294 quasi
2397 1233 2567 1295 opus
2590 1212 2730 1276 eius
2754 1230 2897 1276 esse

477 1308 871 1393 adscripsit3
916 1306 1065 1372 uult
1105 1309 1284 1371 enim
1325 1308 1559 1386 dicere,
1593 1312 1913 1393 quoniam
1953 1332 2088 1375 non
2136 1322 2607 1395 permanentes
2638 1315 2706 1378 in
2731 1314 2899 1377 ueri-

478 1426 620 1483 tate
672 1414 1024 1478 intendent
1081 1412 1452 1478 seductioni
1513 1424 1583 1479 et
1650 1416 1927 1480 credent
1987 1416 2358 1494 mendacio,
2412 1418 2655 1482 iustam
2705 1418 2901 1482 sube-

378 1533 456 1583 10
482 1526 675 1582 untes
705 1537 995 1601 poenam
1026 1535 1147 1599 pro
1185 1515 1427 1597 quibus
1469 1515 1922 1601 relinquentes
1968 1520 2320 1583 ueritatem
2367 1521 2454 1584 ad
2500 1520 2895 1603 iniustitiam

480 1618 1022 1697 declinauerunt;
1087 1625 1160 1681 ut
1217 1616 1400 1682 dicat
1462 1619 1843 1685 ‘diabolum
1895 1622 2377 1702 adorauerunt‚’
2428 1628 2444 1656 ‘
2470 1621 2899 1687 iniustitiam'

479 1742 629 1786 eam
683 1741 946 1799 uocanS,
999 1741 1080 1785 eo
1131 1720 1311 1804 quod
1365 1741 1488 1786 nec
1539 1722 1626 1785 in-
1658 1724 1832 1788 iusta
1884 1722 2005 1789 fiat
2058 1726 2317 1789 ratione
2356 1725 2444 1789 ab
2485 1724 2616 1788 illis
2655 1725 2769 1808 qui
2819 1744 2901 1789 ea

480 1824 791 1890 faciunt*
835 1834 906 1889 et
934 1824 1253 1909 quoniam
1286 1823 1371 1888 de
1406 1824 1538 1889 illis
1569 1827 1684 1910 qui
1727 1838 1888 1893 tunc
1932 1827 2255 1893 increduli
2288 1840 2482 1894 erunt
2505 1830 2695 1907 dixit,
2730 1831 2900 1895 bene

480 1930 685 1993 adicit
711 1950 727 1993 z

609 2091 725 2135 nos
752 2080 966 2135 autem
997 2070 1290 2134 debemus
1305 2067 1574 2151 gratias
1610 2089 1799 2152 agere
1831 2070 1971 2134 Deo
2009 2084 2255 2156 semper
2277 2083 2403 2155 pro
2432 2072 2626 2148 uobis,
2643 2072 2904 2154 fratres

480 2175 698 2239 dilecti
755 2196 801 2238 a
863 2173 1163 2253 Domino,
1234 2172 1542 2255 quoniam
1585 2172 1942 2261 praeelegit
2006 2195 2122 2239 uos
2177 2176 2361 2241 Deus
2419 2178 2504 2242 ab
2571 2176 2761 2241 initio
2830 2176 2899 2239 in

609 2341 730 2425 τὴν
761 2339 1197 2430 συγχώρησιν
1227 2337 1532 2419 δηλονότι
1562 2337 1651 2410 ὥς
1680 2338 1869 2423 ἔργον
1906 2344 1999 2428 τῷ
2037 2339 2162 2427 θεῷ
2196 2344 2545 2426 περιῆψε-ν·
2588 2338 2899 2417 βούλεται

479 2444 608 2532 σγᾶρ
669 2444 892 2523 εἰπεῖν,
945 2440 1053 2508 ὅτι
1100 2440 1191 2525 μὴ
1249 2442 1583 2525 μείναντες
1642 2440 1756 2507 ἐπὶ
1814 2444 1931 2524 τῆς
1983 2440 2295 2523 ἀληθείας
2338 2439 2779 2531 προσέξουσιν
2822 2441 2901 2526 τῇ

480 2549 702 2633 πλάνῃ
733 2548 843 2615 καὶ
871 2543 1348 2612 πιστεύσουσιν
1376 2548 1469 2632 τῷ
1503 2544 1755 2633 ψεύδει,
1788 2543 2046 2612 δικαίαν
2077 2545 2411 2635 δεχόμενοι
2439 2544 2561 2627 τὴν
2591 2544 2904 2628 τιμωρίαν

372 2670 458 2717 20
482 2652 650 2738 ὑπὲρ
709 2650 794 2719 ὧν
852 2647 1325 2719 καταλιπόντες
1377 2649 1498 2730 ’τὴν
1551 2647 1868 2730 ἀλήθειαν
1924 2647 2088 2734 πρὸς
2126 2648 2256 2730 ’τὴν
2305 2647 2568 2715 ἀδικίαν
2619 2648 2903 2715 ἔκλιναν·

485 2755 588 2822 ἵνα
628 2755 782 2838 εἴπῃ
829 2756 948 2818 τοῦ
992 2750 1316 2832 διαβόλου
1358 2749 1479 2833 τὴν
1529 2750 2007 2841 προσκύνησιν,
2054 2751 2311 2820 ἀδικίαν
2350 2748 2553 2834 αὐτὴν
2598 2751 2903 2832 καλέσας,

483 2859 566 2932 ὥς
597 2857 669 2925 οὗ
700 2856 964 2928 δικαίως
992 2855 1330 2940 *γινομένην
1358 2855 1546 2943 παρὰ
1572 2857 1705 2922 τῶν
1733 2855 2116 2923 ποιούντων.

581 3030 612 3073 4
647 3009 811 3060 mittet
837 3009 882 3059 C
901 3007 1048 3073 (corr)

489 3108 508 3142 1
523 3107 542 3142 ι
579 3093 894 3142 declinauere
913 3091 984 3140 H

1337 3019 1364 3070 7
1397 3008 1721 3057 concessione
1747 3009 1793 3058 C
1805 3009 1873 3058 H
1879 3025 1939 3059 r:
1962 3015 2045 3058 txt
2056 3025 2100 3074 g

1194 3087 1255 3139 16
1287 3089 1344 3138 <11
1365 3089 1470 3152 (bes
1478 3088 1671 3151 dilecti)
1693 3089 1801 3139 add
1815 3090 1883 3139 H
1904 3088 1912 3154 Ι
1938 3106 2032 3140 nos
2056 3107 2087 3140 r

2394 3020 2427 3073 9
2459 3006 2639 3057 iustam
2662 3024 2714 3073 p.
2738 3007 2850 3056 sub.
2874 3022 2907 3055 r

2286 3101 2342 3152 17
2379 3088 2535 3139 Coisl.
2562 3103 2676 3152 204,
2700 3088 2735 3137 f.
2766 3090 2903 3152 1832

482 3175 593 3237 [Cr.
615 3174 684 3223 vi.
712 3186 825 3240 391,
850 3172 933 3221 Fr.
965 3170 1076 3235 148]
1101 3169 1324 3235 θεόδωρος
1349 3172 1399 3220 δέ
1423 3178 1570 3233 φησιν
1591 3173 1658 3222 εἰς
1678 3173 1736 3221 τὸ
1764 3173 1778 3197 ⁶
1795 3173 1874 3220 διὰ
1895 3174 2040 3222 τοῦτο
2060 3172 2245 3235 πέμψει
2275 3169 2435 3222 αὐτοῖς
2466 3171 2491 3220 ό
2524 3173 2629 3221 θεὸς
2657 3173 2899 3234 ἐνέργειαν

485 3254 720 3316 πλάνης’·
746 3255 836 3315 τὴν
860 3271 1030 3315 συγχ.,
1059 3253 1209 3302 κ.τ.λ.

481 3386 552 3448 μή
604 3387 777 3435 ἐκεῖνος
821 3384 1135 3446 παρεγένετο,
1183 3384 1387 3443 ἔμελλον
1439 3380 1648 3434 ἀπειθεῖς

485 3470 730 3530 διαμεῖναι.

557 3567 599 3601 1.
660 3557 758 3615 pro
789 3549 980 3614 quibus,
1019 3546 1136 3608 δια]
1193 3547 1364 3597 Hier.:

486 3634 639 3701 quod.
649 3672 660 3683 .
670 3673 680 3683 .
689 3649 791 3683 non
807 3648 936 3682 susc.
967 3639 1020 3682 ut
1039 3631 1360 3680 saluarentur.
1372 3627 1399 3652 '’

555 3735 601 3768 2.
669 3718 726 3766 in
749 3717 956 3765 ueritate
975 3712 1219 3774 caritatis]
1273 3712 1452 3777 Jacobi
1477 3728 1488 3760 :
1520 3713 1555 3737 “
1574 3711 1646 3760 ui-

486 3797 632 3850 detur
653 3814 790 3849 error
809 3813 916 3848 esse
937 3812 1031 3862 pro
1053 3797 1260 3846 caritate
1279 3791 1561 3844 ueritatis-2⁹

555 3901 601 3943 4.
668 3877 844 3940 mittit]
901 3877 972 3928 So
989 3877 1141 3940 Vulg.
1167 3875 1310 3937 (Am.
1333 3873 1436 3924 and
1455 3871 1644 3938 Fuld.).

489 3962 588 4011 But
625 3959 669 4010 if
699 3959 784 4009 the
828 3967 1005 4008 catena
1047 3972 1164 4020 may
1198 3957 1263 4005 be
1299 3955 1502 4014 trusted,
1542 3954 1641 4004 Th.

490 4043 604 4092 read
647 4043 846 4104 πέμψει,
881 4037 1116 4104 agreeing
1153 4038 1274 4087 with
1320 4037 1500 4102 Chrys·
1545 4035 1648 4086 and

492 4125 645 4174 Thdt.
706 4122 1116 4184 complacuerunt
1129 4137 1150 4176 ,·
1183 4135 1240 4168 so
1265 4117 1408 4168 Hier.
1437 4118 1494 4166 in
1515 4117 1642 4167 Esa.

499 4222 571 4273 19.
632 4205 803 4269 Vulg.,
839 4199 1292 4252 “consenserunt.”

1409 3547 1552 3611 “pro
1584 3561 1648 3596 eo

561 4300 606 4349 7.
671 4286 1010 4336 comessionem
1040 4284 1161 4342 Dei,
1184 4282 1303 4344 &c.]
1368 4282 1556 4333 Thdt.=
1589 4281 1649 4331 τὸ

492 4373 546 4421 δὲ
575 4371 788 4434 ’πέμψει
819 4366 1014 4430 αὐτοῖς,’
1043 4369 1213 4426 mox..
1238 4363 1343 4416 ἀντὶ
1373 4367 1460 4415 τοῦ
1498 4369 1649 4426 ‘cv-y·

491 4456 707 4520 χωρήσει
761 4450 972 4517 φανῆναι
1020 4453 1111 4513 τὴν
1158 4451 1350 4512 πλάνην
1363 4448 1376 4470 ’
1421 4449 1649 4499 τέθεικεν.

1751 3384 1822 3434 80
1862 3383 2032 3434 Hiera
2082 3382 2279 3432 “saciet
2323 3381 2523 3446 (inquit)
2566 3380 2690 3430 haec
2734 3381 2904 3430 omnia

1748 3478 1847 3512 non
1883 3478 1972 3512 sua
2004 3461 2203 3521 uirtute,
2248 3460 2335 3510 sed
2380 3459 2702 3510 concessione
2736 3459 2833 3508 Dei
2855 3457 2903 3517 ;’'

1748 3543 1847 3592 and
1865 3557 1990 3592 even
2005 3541 2165 3606 Aug.:
2200 3545 2233 3568 ‘⁸
2253 3541 2393 3591 Deus
2426 3539 2559 3589 enim
2582 3538 2761 3596 mittet,
2786 3540 2905 3604 quia

1750 3625 1889 3674 Deus
1907 3622 2165 3672 diabolum
2186 3621 2349 3671 faeere
2370 3620 2467 3670 ista
2487 3621 2791 3685 pemittet.”

1819 3720 1838 3755 1
1853 3720 1894 3754 1.
1950 3710 2011 3753 ut
2027 3704 2075 3754 d.
2102 3703 2376 3753 ‘diabolum
2398 3700 2781 3764 adorauerunt']
2806 3701 2905 3752 See

1746 3797 1888 3838 notes
1918 3804 1984 3838 on
2008 3804 2053 3837 v.
2078 3807 2128 3851 4.
2196 3787 2273 3852 By
2308 3786 2340 3846 ὴ
2374 3785 2533 3835 ἀδικία
2554 3785 2607 3834 in
2628 3785 2727 3835 this
2760 3785 2906 3850 place

1748 3871 1927 3934 Chrys·
1972 3869 2301 3919 understands
2340 3868 2425 3917 the
2460 3867 2739 3917 Antichrist
2775 3866 2902 3915 him·

1748 3951 1855 4009 sels,
1881 3951 1913 4012 ἡ
1942 3950 2115 4014 dycta-n
2136 3951 2226 4009 τῆς
2256 3947 2483 4010 ἀληθείας
2496 3949 2901 4012 being=Christ.

1750 4035 1830 4087 Cf.
1870 4035 2170 4085 Primasius:
2214 4034 2483 4095 “uer-itali,
2516 4032 2752 4093 Christ03
2801 4032 2901 4080 ini-

1749 4117 1951 4184 quitati,
1994 4113 2358 4167 Antichristo-’⁵
2428 4115 2584 4171 Eam,
2620 4129 2689 4163 sc.
2728 4113 2903 4163 adora·

1748 4202 1963 4259 tionem;
1999 4197 2061 4248 cs.
2092 4198 2193 4248 Gk.
2222 4195 2274 4260 (1.
2302 4194 2401 4261 αι).

1820 4281 1894 4333 16.
1966 4299 1997 4330 a
2024 4279 2268 4341 Domino]
2302 4279 2374 4330 So
2388 4293 2573 4342 among
2595 4279 2679 4329 the
2712 4278 2904 4334 Latius,

1750 4365 1903 4415 Amb.
1950 4365 2048 4413 and
2084 4362 2363 4421 Ambrstr.;
2412 4359 2584 4424 Vulg.,
2636 4361 2717 4408 “a
2742 4356 2904 4408 Deo.'’

1753 4445 1931 4511 Chrys.
1980 4445 2079 4494 and
2124 4443 2298 4504 Thdt„
2337 4441 2459 4492 with
2504 4440 2676 4504 nearly
2708 4440 2776 4490 all
2820 4439 2907 4490 the
