<?xml version="1.0" encoding="UTF-8"?>
<!DOCTYPE html PUBLIC "-//W3C//DTD XHTML 1.0 Transitional//EN"
    "http://www.w3.org/TR/xhtml1/DTD/xhtml1-transitional.dtd">
<html xmlns="http://www.w3.org/1999/xhtml" xml:lang="en" lang="en">
 <head>
  <title>
</title>
<meta http-equiv="Content-Type" content="text/html;charset=utf-8" />
  <meta name='ocr-system' content='tesseract 3.04.00' />
  <meta name='ocr-capabilities' content='ocr_page ocr_carea ocr_par ocr_line ocrx_word'/>
</head>
<body>
  <div class='ocr_page' id='page_1' title='image "./theodoriepiscop01swetgoog_0182.png"; bbox 0 0 3250 5025; ppageno 0'>
   <div class='ocr_carea' id='block_1_1' title="bbox 493 349 2249 414">
    <p class='ocr_par' dir='ltr' id='par_1_1' title="bbox 493 349 2249 414">
     <span class='ocr_line' id='line_1_1' title="bbox 493 349 2249 414; baseline 0.01 -17"><span class='ocrx_word' id='word_1_1' title='bbox 493 349 614 414; x_wconf 77' lang='grc'>1-70</span> <span class='ocrx_word' id='word_1_2' title='bbox 1157 351 1567 407; x_wconf 84' lang='lat' dir='ltr'><strong>THEODORU</strong></span> <span class='ocrx_word' id='word_1_3' title='bbox 1578 357 1613 408; x_wconf 93' lang='lat' dir='ltr'>S</span> <span class='ocrx_word' id='word_1_4' title='bbox 1664 357 2149 411; x_wconf 84' lang='lat' dir='ltr'><strong>MOPSUESTEN</strong></span> <span class='ocrx_word' id='word_1_5' title='bbox 2160 362 2249 414; x_wconf 89' lang='lat' dir='ltr'>US</span> 
     </span>
    </p>
   </div>
   <div class='ocr_carea' id='block_1_2' title="bbox 382 353 2910 2277">
    <p class='ocr_par' dir='ltr' id='par_1_2' title="bbox 484 353 2908 932">
     <span class='ocr_line' id='line_1_2' title="bbox 2671 353 2908 437; baseline -0.004 -20"><span class='ocrx_word' id='word_1_6' title='bbox 2671 353 2774 437; x_wconf 90' lang='lat' dir='ltr'>[V.</span> <span class='ocrx_word' id='word_1_7' title='bbox 2815 369 2908 436; x_wconf 85' lang='lat'>19·</span> 
     </span>
     <span class='ocr_line' id='line_1_3' title="bbox 484 522 2904 614; baseline 0.007 -30"><span class='ocrx_word' id='word_1_8' title='bbox 484 522 736 587; x_wconf 90' lang='lat' dir='ltr'>interea</span> <span class='ocrx_word' id='word_1_9' title='bbox 766 544 868 588; x_wconf 89' lang='lat' dir='ltr'>res</span> <span class='ocrx_word' id='word_1_10' title='bbox 900 527 1151 607; x_wconf 91' lang='lat' dir='ltr'>patitur</span> <span class='ocrx_word' id='word_1_11' title='bbox 1181 537 1254 590; x_wconf 93' lang='lat' dir='ltr'>ut</span> <span class='ocrx_word' id='word_1_12' title='bbox 1286 537 1353 590; x_wconf 93' lang='lat' dir='ltr'>et</span> <span class='ocrx_word' id='word_1_13' title='bbox 1389 527 1582 592; x_wconf 88' lang='lat' dir='ltr'>aliter</span> <span class='ocrx_word' id='word_1_14' title='bbox 1625 531 1711 594; x_wconf 93' lang='lat' dir='ltr'>de</span> <span class='ocrx_word' id='word_1_15' title='bbox 1755 533 2027 614; x_wconf 86' lang='lat' dir='ltr'>negotio</span> <span class='ocrx_word' id='word_1_16' title='bbox 2069 533 2398 599; x_wconf 91' lang='lat' dir='ltr'>iudicetur</span> <span class='ocrx_word' id='word_1_17' title='bbox 2426 558 2441 614; x_wconf 90' lang='lat'><strong>;</strong></span> <span class='ocrx_word' id='word_1_18' title='bbox 2488 536 2617 600; x_wconf 90' lang='lat' dir='ltr'>hoc</span> <span class='ocrx_word' id='word_1_19' title='bbox 2649 558 2807 601; x_wconf 89' lang='lat' dir='ltr'>uero</span> <span class='ocrx_word' id='word_1_20' title='bbox 2838 537 2904 601; x_wconf 91' lang='lat' dir='ltr'>in</span> 
     </span>
     <span class='ocr_line' id='line_1_4' title="bbox 485 627 2905 724; baseline 0.007 -36"><span class='ocrx_word' id='word_1_21' title='bbox 485 627 633 688; x_wconf 89' lang='lat' dir='ltr'>loco</span> <span class='ocrx_word' id='word_1_22' title='bbox 673 647 808 690; x_wconf 91' lang='lat' dir='ltr'>non</span> <span class='ocrx_word' id='word_1_23' title='bbox 852 628 1097 693; x_wconf 92' lang='lat' dir='ltr'>debere</span> <span class='ocrx_word' id='word_1_24' title='bbox 1137 630 1231 694; x_wconf 91' lang='lat' dir='ltr'>ita</span> <span class='ocrx_word' id='word_1_25' title='bbox 1275 631 1414 696; x_wconf 85' lang='lat' dir='ltr'>fieri</span> <span class='ocrx_word' id='word_1_26' title='bbox 1459 634 1548 697; x_wconf 94' lang='lat' dir='ltr'>ob</span> <span class='ocrx_word' id='word_1_27' title='bbox 1577 635 1749 698; x_wconf 90' lang='lat' dir='ltr'>duas</span> <span class='ocrx_word' id='word_1_28' title='bbox 1794 639 2020 718; x_wconf 86' lang='lat' dir='ltr'>posuit</span> <span class='ocrx_word' id='word_1_29' title='bbox 2066 659 2317 703; x_wconf 78' lang='lat' dir='ltr'>causas,</span> <span class='ocrx_word' id='word_1_30' title='bbox 2406 661 2558 717; x_wconf 89' lang='lat' dir='ltr'>una,</span> <span class='ocrx_word' id='word_1_31' title='bbox 2591 643 2905 724; x_wconf 91' lang='lat' dir='ltr'>quoniam</span> 
     </span>
     <span class='ocr_line' id='line_1_5' title="bbox 487 735 2905 826; baseline 0.009 -36"><span class='ocrx_word' id='word_1_32' title='bbox 487 748 754 794; x_wconf 89' lang='lat' dir='ltr'>necesse</span> <span class='ocrx_word' id='word_1_33' title='bbox 785 744 887 798; x_wconf 89' lang='lat' dir='ltr'>est</span> <span class='ocrx_word' id='word_1_34' title='bbox 917 735 1384 818; x_wconf 87' lang='lat' dir='ltr'>presbyterum</span> <span class='ocrx_word' id='word_1_35' title='bbox 1415 750 1655 823; x_wconf 86' lang='lat' dir='ltr'>utpote</span> <span class='ocrx_word' id='word_1_36' title='bbox 1686 763 2112 806; x_wconf 90' lang='lat' dir='ltr'>communem</span> <span class='ocrx_word' id='word_1_37' title='bbox 2146 752 2404 826; x_wconf 90' lang='lat' dir='ltr'>patrem</span> <span class='ocrx_word' id='word_1_38' title='bbox 2440 755 2582 809; x_wconf 88' lang='lat' dir='ltr'>tarn</span> <span class='ocrx_word' id='word_1_39' title='bbox 2616 747 2905 810; x_wconf 90' lang='lat' dir='ltr'>uirorum</span> 
     </span>
     <span class='ocr_line' id='line_1_6' title="bbox 484 835 2908 932; baseline 0.009 -39"><span class='ocrx_word' id='word_1_40' title='bbox 484 851 686 913; x_wconf 90' lang='lat' dir='ltr'>quam</span> <span class='ocrx_word' id='word_1_41' title='bbox 734 835 1082 900; x_wconf 88' lang='lat' dir='ltr'>mulierum</span> <span class='ocrx_word' id='word_1_42' title='bbox 1125 860 1352 904; x_wconf 90' lang='lat' dir='ltr'>curam</span> <span class='ocrx_word' id='word_1_43' title='bbox 1395 842 1756 921; x_wconf 89' lang='lat' dir='ltr'>adhibere;</span> <span class='ocrx_word' id='word_1_44' title='bbox 1791 866 1871 908; x_wconf 91' lang='lat' dir='ltr'>eo</span> <span class='ocrx_word' id='word_1_45' title='bbox 1911 848 2093 929; x_wconf 92' lang='lat' dir='ltr'>quod</span> <span class='ocrx_word' id='word_1_46' title='bbox 2128 856 2195 910; x_wconf 97' lang='lat' dir='ltr'>et</span> <span class='ocrx_word' id='word_1_47' title='bbox 2232 847 2538 912; x_wconf 90' lang='lat' dir='ltr'>similiter</span> <span class='ocrx_word' id='word_1_48' title='bbox 2568 851 2908 932; x_wconf 92' lang='lat' dir='ltr'>utriusque</span> 
     </span>
    </p>

    <p class='ocr_par' dir='ltr' id='par_1_3' title="bbox 422 939 2909 1452">
     <span class='ocr_line' id='line_1_7' title="bbox 422 939 2909 1038; baseline 0.009 -42"><span class='ocrx_word' id='word_1_49' title='bbox 422 946 688 1013; x_wconf 76' lang='lat' dir='ltr'>ssexus</span> <span class='ocrx_word' id='word_1_50' title='bbox 748 939 1262 1007; x_wconf 89' lang='lat' dir='ltr'>sollicitudinem</span> <span class='ocrx_word' id='word_1_51' title='bbox 1340 946 1626 1030; x_wconf 91' lang='lat' dir='ltr'>implens</span> <span class='ocrx_word' id='word_1_52' title='bbox 1704 950 2057 1015; x_wconf 88' lang='lat' dir='ltr'><strong>indiscrete</strong></span> <span class='ocrx_word' id='word_1_53' title='bbox 2133 961 2201 1015; x_wconf 89' lang='lat' dir='ltr'>et</span> <span class='ocrx_word' id='word_1_54' title='bbox 2264 952 2573 1016; x_wconf 91' lang='lat' dir='ltr'>mulieres</span> <span class='ocrx_word' id='word_1_55' title='bbox 2648 957 2909 1038; x_wconf 89' lang='lat' dir='ltr'>cogitur</span> 
     </span>
     <span class='ocr_line' id='line_1_8' title="bbox 486 1038 2907 1141; baseline 0.009 -40"><span class='ocrx_word' id='word_1_56' title='bbox 486 1038 808 1141; x_wconf 40' lang='lat' dir='ltr'>uidere-et</span> <span class='ocrx_word' id='word_1_57' title='bbox 843 1044 1022 1129; x_wconf 87' lang='lat' dir='ltr'>loqui</span> <span class='ocrx_word' id='word_1_58' title='bbox 1054 1069 1209 1112; x_wconf 90' lang='lat' dir='ltr'>cum</span> <span class='ocrx_word' id='word_1_59' title='bbox 1245 1051 1388 1128; x_wconf 89' lang='lat' dir='ltr'>illis,</span> <span class='ocrx_word' id='word_1_60' title='bbox 1420 1064 1616 1135; x_wconf 87' lang='lat' dir='ltr'>prout</span> <span class='ocrx_word' id='word_1_61' title='bbox 1650 1056 1822 1119; x_wconf 90' lang='lat' dir='ltr'>ratio</span> <span class='ocrx_word' id='word_1_62' title='bbox 1869 1057 2083 1139; x_wconf 86' lang='lat' dir='ltr'>exigit</span> <span class='ocrx_word' id='word_1_63' title='bbox 2121 1057 2409 1140; x_wconf 83' lang='lat' dir='ltr'>pietatis,</span> <span class='ocrx_word' id='word_1_64' title='bbox 2498 1058 2711 1122; x_wconf 88' lang='lat' dir='ltr'>altera</span> <span class='ocrx_word' id='word_1_65' title='bbox 2750 1079 2907 1122; x_wconf 89' lang='lat' dir='ltr'>uero</span> 
     </span>
     <span class='ocr_line' id='line_1_9' title="bbox 484 1151 2909 1232; baseline 0.007 -24"><span class='ocrx_word' id='word_1_66' title='bbox 484 1168 702 1224; x_wconf 86' lang='lat' dir='ltr'>causa,</span> <span class='ocrx_word' id='word_1_67' title='bbox 733 1169 814 1210; x_wconf 91' lang='lat' dir='ltr'>eo</span> <span class='ocrx_word' id='word_1_68' title='bbox 851 1151 1031 1232; x_wconf 93' lang='lat' dir='ltr'>quod</span> <span class='ocrx_word' id='word_1_69' title='bbox 1080 1154 1306 1218; x_wconf 93' lang='lat' dir='ltr'>multis</span> <span class='ocrx_word' id='word_1_70' title='bbox 1347 1166 1412 1219; x_wconf 91' lang='lat' dir='ltr'>et</span> <span class='ocrx_word' id='word_1_71' title='bbox 1452 1159 1650 1221; x_wconf 87' lang='lat' dir='ltr'>uariis</span> <span class='ocrx_word' id='word_1_72' title='bbox 1693 1160 2155 1224; x_wconf 88' lang='lat' dir='ltr'>occasionibus</span> <span class='ocrx_word' id='word_1_73' title='bbox 2208 1161 2469 1224; x_wconf 87' lang='lat' dir='ltr'>diuerse</span> <span class='ocrx_word' id='word_1_74' title='bbox 2515 1171 2749 1226; x_wconf 91' lang='lat' dir='ltr'>contra</span> <span class='ocrx_word' id='word_1_75' title='bbox 2794 1183 2909 1226; x_wconf 90' lang='lat' dir='ltr'>eos</span> 
     </span>
     <span class='ocr_line' id='line_1_10' title="bbox 486 1253 2907 1346; baseline 0.007 -33"><span class='ocrx_word' id='word_1_76' title='bbox 486 1253 986 1330; x_wconf 84' lang='lat' dir='ltr'>exercebantur,</span> <span class='ocrx_word' id='word_1_77' title='bbox 1036 1277 1114 1320; x_wconf 91' lang='lat' dir='ltr'>ea</span> <span class='ocrx_word' id='word_1_78' title='bbox 1169 1261 1426 1324; x_wconf 91' lang='lat' dir='ltr'>ratione</span> <span class='ocrx_word' id='word_1_79' title='bbox 1479 1282 1614 1344; x_wconf 90' lang='lat' dir='ltr'>qua</span> <span class='ocrx_word' id='word_1_80' title='bbox 1668 1264 1845 1326; x_wconf 90' lang='lat' dir='ltr'>idem</span> <span class='ocrx_word' id='word_1_81' title='bbox 1898 1264 2267 1346; x_wconf 90' lang='lat' dir='ltr'>presbyteri</span> <span class='ocrx_word' id='word_1_82' title='bbox 2310 1267 2524 1329; x_wconf 89' lang='lat' dir='ltr'>coacti</span> <span class='ocrx_word' id='word_1_83' title='bbox 2574 1266 2907 1331; x_wconf 90' lang='lat' dir='ltr'>interdum</span> 
     </span>
     <span class='ocr_line' id='line_1_11' title="bbox 485 1352 2908 1452; baseline 0.008 -38"><span class='ocrx_word' id='word_1_84' title='bbox 485 1352 828 1437; x_wconf 90' lang='lat' dir='ltr'>increpant</span> <span class='ocrx_word' id='word_1_85' title='bbox 877 1360 1210 1425; x_wconf 87' lang='lat' dir='ltr'>obnoxios</span> <span class='ocrx_word' id='word_1_86' title='bbox 1269 1385 1390 1445; x_wconf 89' lang='lat' dir='ltr'>pro</span> <span class='ocrx_word' id='word_1_87' title='bbox 1452 1368 1759 1430; x_wconf 87' lang='lat' dir='ltr'>admissis</span> <span class='ocrx_word' id='word_1_88' title='bbox 1809 1369 2116 1449; x_wconf 83' lang='lat' dir='ltr'>peccatiS‚</span> <span class='ocrx_word' id='word_1_89' title='bbox 2168 1379 2235 1432; x_wconf 93' lang='lat' dir='ltr'>et</span> <span class='ocrx_word' id='word_1_90' title='bbox 2281 1379 2571 1450; x_wconf 86' lang='lat' dir='ltr'>arguunt</span> <span class='ocrx_word' id='word_1_91' title='bbox 2618 1391 2733 1432; x_wconf 92' lang='lat' dir='ltr'>eos</span> <span class='ocrx_word' id='word_1_92' title='bbox 2786 1391 2908 1452; x_wconf 90' lang='lat' dir='ltr'>pro</span> 
     </span>
    </p>

    <p class='ocr_par' dir='ltr' id='par_1_4' title="bbox 382 1457 2910 1969">
     <span class='ocr_line' id='line_1_12' title="bbox 382 1457 2909 1556; baseline 0.009 -41"><span class='ocrx_word' id='word_1_93' title='bbox 382 1470 460 1517; x_wconf 87' lang='lat'>10</span> <span class='ocrx_word' id='word_1_94' title='bbox 485 1457 727 1535; x_wconf 91' lang='lat' dir='ltr'>quibus</span> <span class='ocrx_word' id='word_1_95' title='bbox 770 1479 902 1522; x_wconf 91' lang='lat' dir='ltr'>non</span> <span class='ocrx_word' id='word_1_96' title='bbox 947 1475 1406 1546; x_wconf 90' lang='lat' dir='ltr'>competenter</span> <span class='ocrx_word' id='word_1_97' title='bbox 1450 1480 1677 1550; x_wconf 86' lang='lat' dir='ltr'>agunt.</span> <span class='ocrx_word' id='word_1_98' title='bbox 1768 1471 2115 1553; x_wconf 86' lang='lat' dir='ltr'>prospexit</span> <span class='ocrx_word' id='word_1_99' title='bbox 2158 1491 2318 1553; x_wconf 85' lang='lat' dir='ltr'>ergo</span> <span class='ocrx_word' id='word_1_100' title='bbox 2363 1473 2708 1553; x_wconf 91' lang='lat' dir='ltr'>apostolus</span> <span class='ocrx_word' id='word_1_101' title='bbox 2744 1495 2909 1556; x_wconf 91' lang='lat' dir='ltr'>quo-</span> 
     </span>
     <span class='ocr_line' id='line_1_13' title="bbox 485 1558 2907 1653; baseline 0.008 -35"><span class='ocrx_word' id='word_1_102' title='bbox 485 1558 665 1621; x_wconf 92' lang='lat' dir='ltr'>niam</span> <span class='ocrx_word' id='word_1_103' title='bbox 709 1559 899 1625; x_wconf 82' lang='lat' dir='ltr'>facile</span> <span class='ocrx_word' id='word_1_104' title='bbox 947 1566 1264 1631; x_wconf 89' lang='lat' dir='ltr'>aduersus</span> <span class='ocrx_word' id='word_1_105' title='bbox 1317 1571 1743 1653; x_wconf 89' lang='lat' dir='ltr'>presbyteros</span> <span class='ocrx_word' id='word_1_106' title='bbox 1796 1573 1883 1636; x_wconf 90' lang='lat' dir='ltr'>ab</span> <span class='ocrx_word' id='word_1_107' title='bbox 1928 1573 2311 1637; x_wconf 91' lang='lat' dir='ltr'>huiusmodi</span> <span class='ocrx_word' id='word_1_108' title='bbox 2366 1573 2748 1638; x_wconf 90' lang='lat' dir='ltr'>hominibus</span> <span class='ocrx_word' id='word_1_109' title='bbox 2798 1597 2907 1638; x_wconf 91' lang='lat' dir='ltr'>ac-</span> 
     </span>
     <span class='ocr_line' id='line_1_14' title="bbox 485 1663 2905 1760; baseline 0.007 -35"><span class='ocrx_word' id='word_1_110' title='bbox 485 1663 860 1728; x_wconf 89' lang='lat' dir='ltr'>cusationes</span> <span class='ocrx_word' id='word_1_111' title='bbox 920 1669 1190 1732; x_wconf 85' lang='lat' dir='ltr'>adnasci</span> <span class='ocrx_word' id='word_1_112' title='bbox 1246 1674 1522 1754; x_wconf 86' lang='lat' dir='ltr'>possint,</span> <span class='ocrx_word' id='word_1_113' title='bbox 1570 1675 1947 1758; x_wconf 90' lang='lat' dir='ltr'>opitulante</span> <span class='ocrx_word' id='word_1_114' title='bbox 1993 1678 2087 1740; x_wconf 91' lang='lat' dir='ltr'>eis</span> <span class='ocrx_word' id='word_1_115' title='bbox 2134 1697 2335 1759; x_wconf 88' lang='lat' dir='ltr'>opere</span> <span class='ocrx_word' id='word_1_116' title='bbox 2380 1677 2672 1760; x_wconf 86' lang='lat' dir='ltr'>ipsorum</span> <span class='ocrx_word' id='word_1_117' title='bbox 2718 1687 2793 1742; x_wconf 89' lang='lat' dir='ltr'>ut</span> <span class='ocrx_word' id='word_1_118' title='bbox 2840 1679 2905 1743; x_wconf 94' lang='lat' dir='ltr'>id</span> 
     </span>
     <span class='ocr_line' id='line_1_15' title="bbox 485 1768 2909 1865; baseline 0.007 -37"><span class='ocrx_word' id='word_1_119' title='bbox 485 1768 666 1851; x_wconf 92' lang='lat' dir='ltr'>quod</span> <span class='ocrx_word' id='word_1_120' title='bbox 700 1768 934 1832; x_wconf 91' lang='lat' dir='ltr'>uolunt</span> <span class='ocrx_word' id='word_1_121' title='bbox 967 1773 1287 1839; x_wconf 91' lang='lat' dir='ltr'>aduersus</span> <span class='ocrx_word' id='word_1_122' title='bbox 1319 1796 1432 1840; x_wconf 91' lang='lat' dir='ltr'>eos</span> <span class='ocrx_word' id='word_1_123' title='bbox 1464 1779 1685 1842; x_wconf 86' lang='lat' dir='ltr'>dicere</span> <span class='ocrx_word' id='word_1_124' title='bbox 1719 1780 2138 1843; x_wconf 88' lang='lat' dir='ltr'>uerissimum</span> <span class='ocrx_word' id='word_1_125' title='bbox 2164 1781 2608 1857; x_wconf 86' lang='lat' dir='ltr'>existimetur,</span> <span class='ocrx_word' id='word_1_126' title='bbox 2636 1792 2909 1865; x_wconf 87' lang='lat' dir='ltr'>propter</span> 
     </span>
     <span class='ocr_line' id='line_1_16' title="bbox 487 1872 2910 1969; baseline 0.007 -36"><span class='ocrx_word' id='word_1_127' title='bbox 487 1873 667 1954; x_wconf 92' lang='lat' dir='ltr'>quod</span> <span class='ocrx_word' id='word_1_128' title='bbox 723 1872 997 1938; x_wconf 89' lang='lat' dir='ltr'>licenter</span> <span class='ocrx_word' id='word_1_129' title='bbox 1047 1877 1155 1941; x_wconf 90' lang='lat' dir='ltr'>uel</span> <span class='ocrx_word' id='word_1_130' title='bbox 1194 1879 1468 1944; x_wconf 90' lang='lat' dir='ltr'>uideant</span> <span class='ocrx_word' id='word_1_131' title='bbox 1515 1882 1620 1946; x_wconf 91' lang='lat' dir='ltr'>uel</span> <span class='ocrx_word' id='word_1_132' title='bbox 1665 1882 2025 1966; x_wconf 90' lang='lat' dir='ltr'>loquantur</span> <span class='ocrx_word' id='word_1_133' title='bbox 2065 1905 2217 1947; x_wconf 92' lang='lat' dir='ltr'>cum</span> <span class='ocrx_word' id='word_1_134' title='bbox 2262 1884 2687 1964; x_wconf 87' lang='lat' dir='ltr'>mulieribus;</span> <span class='ocrx_word' id='word_1_135' title='bbox 2734 1907 2910 1969; x_wconf 89' lang='lat' dir='ltr'>quae</span> 
     </span>
    </p>

    <p class='ocr_par' dir='ltr' id='par_1_5' title="bbox 383 1975 2908 2277">
     <span class='ocr_line' id='line_1_17' title="bbox 383 1975 2907 2060; baseline 0.006 -21"><span class='ocrx_word' id='word_1_136' title='bbox 383 1988 454 2056; x_wconf 82' lang='lat'>15</span> <span class='ocrx_word' id='word_1_137' title='bbox 487 1995 591 2038; x_wconf 89' lang='lat' dir='ltr'>res</span> <span class='ocrx_word' id='word_1_138' title='bbox 638 1975 949 2060; x_wconf 87' lang='lat' dir='ltr'>malignis</span> <span class='ocrx_word' id='word_1_139' title='bbox 993 1979 1377 2045; x_wconf 90' lang='lat' dir='ltr'>hominibus</span> <span class='ocrx_word' id='word_1_140' title='bbox 1429 1985 1850 2049; x_wconf 89' lang='lat' dir='ltr'>occasionem</span> <span class='ocrx_word' id='word_1_141' title='bbox 1899 1986 2343 2049; x_wconf 89' lang='lat' dir='ltr'>accusationis</span> <span class='ocrx_word' id='word_1_142' title='bbox 2404 1988 2565 2052; x_wconf 88' lang='lat' dir='ltr'>dare</span> <span class='ocrx_word' id='word_1_143' title='bbox 2627 1990 2907 2054; x_wconf 88' lang='lat' dir='ltr'>uidetur.</span> 
     </span>
     <span class='ocr_line' id='line_1_18' title="bbox 487 2077 2908 2172; baseline 0.007 -32"><span class='ocrx_word' id='word_1_144' title='bbox 487 2077 646 2161; x_wconf 90' lang='lat' dir='ltr'>quid</span> <span class='ocrx_word' id='word_1_145' title='bbox 697 2099 855 2163; x_wconf 89' lang='lat' dir='ltr'>ergo</span> <span class='ocrx_word' id='word_1_146' title='bbox 894 2080 1231 2147; x_wconf 88' lang='lat' dir='ltr'>obseruari</span> <span class='ocrx_word' id='word_1_147' title='bbox 1269 2087 1612 2152; x_wconf 87' lang='lat' dir='ltr'>decernit?</span> <span class='ocrx_word' id='word_1_148' title='bbox 1704 2089 1936 2153; x_wconf 88' lang='lat' dir='ltr'>‘aliter</span> <span class='ocrx_word' id='word_1_149' title='bbox 1984 2089 2257 2172; x_wconf 88' lang='lat' dir='ltr'>(inquit)</span> <span class='ocrx_word' id='word_1_150' title='bbox 2302 2089 2437 2153; x_wconf 90' lang='lat' dir='ltr'>noli</span> <span class='ocrx_word' id='word_1_151' title='bbox 2486 2091 2735 2170; x_wconf 87' lang='lat' dir='ltr'>audire,</span> <span class='ocrx_word' id='word_1_152' title='bbox 2783 2095 2908 2158; x_wconf 89' lang='lat' dir='ltr'>nisi</span> 
     </span>
     <span class='ocr_line' id='line_1_19' title="bbox 486 2182 2907 2277; baseline 0.006 -32"><span class='ocrx_word' id='word_1_153' title='bbox 486 2182 622 2246; x_wconf 92' lang='lat' dir='ltr'>duo</span> <span class='ocrx_word' id='word_1_154' title='bbox 673 2192 790 2248; x_wconf 89' lang='lat' dir='ltr'>aut</span> <span class='ocrx_word' id='word_1_155' title='bbox 841 2193 978 2249; x_wconf 88' lang='lat' dir='ltr'>tres</span> <span class='ocrx_word' id='word_1_156' title='bbox 1007 2188 1360 2253; x_wconf 89' lang='lat' dir='ltr'>uideantur</span> <span class='ocrx_word' id='word_1_157' title='bbox 1412 2199 1616 2255; x_wconf 88' lang='lat' dir='ltr'>testes</span> <span class='ocrx_word' id='word_1_158' title='bbox 1662 2213 1808 2256; x_wconf 91' lang='lat' dir='ltr'>esse</span> <span class='ocrx_word' id='word_1_159' title='bbox 1850 2194 2101 2277; x_wconf 87' lang='lat' dir='ltr'>negotii</span> <span class='ocrx_word' id='word_1_160' title='bbox 2133 2194 2343 2276; x_wconf 90' lang='lat' dir='ltr'>ipsius</span> <span class='ocrx_word' id='word_1_161' title='bbox 2378 2195 2465 2258; x_wconf 90' lang='lat' dir='ltr'>de</span> <span class='ocrx_word' id='word_1_162' title='bbox 2517 2197 2761 2277; x_wconf 91' lang='lat' dir='ltr'>quibus</span> <span class='ocrx_word' id='word_1_163' title='bbox 2809 2197 2907 2260; x_wconf 93' lang='lat' dir='ltr'>in-</span> 
     </span>
    </p>
   </div>
   <div class='ocr_carea' id='block_1_3' title="bbox 485 2291 2908 2479">
    <p class='ocr_par' dir='ltr' id='par_1_6' title="bbox 485 2291 2908 2479">
     <span class='ocr_line' id='line_1_20' title="bbox 485 2291 2908 2380; baseline 0.004 -25"><span class='ocrx_word' id='word_1_164' title='bbox 485 2291 786 2355; x_wconf 88' lang='lat' dir='ltr'>tenditur</span> <span class='ocrx_word' id='word_1_165' title='bbox 813 2292 1184 2355; x_wconf 91' lang='lat' dir='ltr'>accusatio.’</span> <span class='ocrx_word' id='word_1_166' title='bbox 1275 2303 1343 2357; x_wconf 90' lang='lat' dir='ltr'>et</span> <span class='ocrx_word' id='word_1_167' title='bbox 1375 2302 1450 2357; x_wconf 89' lang='lat' dir='ltr'>ut</span> <span class='ocrx_word' id='word_1_168' title='bbox 1481 2316 1565 2358; x_wconf 93' lang='lat' dir='ltr'>ne</span> <span class='ocrx_word' id='word_1_169' title='bbox 1595 2296 1932 2360; x_wconf 90' lang='lat' dir='ltr'>uideretur</span> <span class='ocrx_word' id='word_1_170' title='bbox 1961 2297 2089 2360; x_wconf 89' lang='lat' dir='ltr'>ista</span> <span class='ocrx_word' id='word_1_171' title='bbox 2119 2296 2351 2360; x_wconf 90' lang='lat' dir='ltr'>dicens</span> <span class='ocrx_word' id='word_1_172' title='bbox 2380 2298 2908 2380; x_wconf 90' lang='lat' dir='ltr'>delinquentium</span> 
     </span>
     <span class='ocr_line' id='line_1_21' title="bbox 488 2394 2281 2479; baseline 0.003 -21"><span class='ocrx_word' id='word_1_173' title='bbox 488 2405 764 2478; x_wconf 89' lang='lat' dir='ltr'>peccata</span> <span class='ocrx_word' id='word_1_174' title='bbox 795 2394 968 2458; x_wconf 91' lang='lat' dir='ltr'>uelle</span> <span class='ocrx_word' id='word_1_175' title='bbox 997 2405 1369 2479; x_wconf 86' lang='lat' dir='ltr'>contegere,</span> <span class='ocrx_word' id='word_1_176' title='bbox 1402 2398 1646 2462; x_wconf 91' lang='lat' dir='ltr'>adiecit</span> <span class='ocrx_word' id='word_1_177' title='bbox 1672 2419 1686 2462; x_wconf 91' lang='lat'><strong>:</strong></span> <span class='ocrx_word' id='word_1_178' title='bbox 2274 2409 2281 2416; x_wconf 86' lang='grc'><em>“</em></span> 
     </span>
    </p>
   </div>
   <div class='ocr_carea' id='block_1_4' title="bbox 485 2585 2916 2895">
    <p class='ocr_par' dir='ltr' id='par_1_7' title="bbox 485 2585 2916 2895">
     <span class='ocr_line' id='line_1_22' title="bbox 588 2585 2916 2653; baseline 0.003 -20"><span class='ocrx_word' id='word_1_179' title='bbox 588 2600 617 2648; x_wconf 82' lang='lat'><strong>3</strong></span> <span class='ocrx_word' id='word_1_180' title='bbox 651 2600 918 2634; x_wconf 86' lang='lat' dir='ltr'>commune</span> <span class='ocrx_word' id='word_1_181' title='bbox 939 2585 1009 2634; x_wconf 99' lang='grc' dir='ltr'><em>Η</em></span> <span class='ocrx_word' id='word_1_182' title='bbox 1229 2598 1255 2648; x_wconf 86' lang='lat'><strong>7</strong></span> <span class='ocrx_word' id='word_1_183' title='bbox 1291 2586 1519 2635; x_wconf 86' lang='lat' dir='ltr'>diuersae</span> <span class='ocrx_word' id='word_1_184' title='bbox 1543 2586 1925 2649; x_wconf 79' lang='lat' dir='ltr'>[accusationes]</span> <span class='ocrx_word' id='word_1_185' title='bbox 1946 2602 1984 2635; x_wconf 76' lang='lat' dir='ltr'>r</span> <span class='ocrx_word' id='word_1_186' title='bbox 2000 2586 2133 2651; x_wconf 83' lang='lat' dir='ltr'>(edd)</span> <span class='ocrx_word' id='word_1_187' title='bbox 2401 2602 2433 2651; x_wconf 90' lang='lat'><strong>9</strong></span> <span class='ocrx_word' id='word_1_188' title='bbox 2466 2588 2668 2639; x_wconf 83' lang='lat' dir='ltr'>delictis</span> <span class='ocrx_word' id='word_1_189' title='bbox 2698 2588 2916 2653; x_wconf 82' lang='lat' dir='ltr'>[deliciis</span> 
     </span>
     <span class='ocr_line' id='line_1_23' title="bbox 485 2666 2907 2733; baseline 0.001 -16"><span class='ocrx_word' id='word_1_190' title='bbox 485 2666 584 2728; x_wconf 58' lang='grc' dir='ltr'>θῶ]</span> <span class='ocrx_word' id='word_1_191' title='bbox 609 2666 720 2732; x_wconf 83' lang='lat' dir='ltr'>(for</span> <span class='ocrx_word' id='word_1_192' title='bbox 741 2666 974 2733; x_wconf 87' lang='lat' dir='ltr'>peccatis)</span> <span class='ocrx_word' id='word_1_193' title='bbox 999 2668 1025 2716; x_wconf 96' lang='lat' dir='ltr'><em>l</em></span> <span class='ocrx_word' id='word_1_194' title='bbox 1227 2684 1286 2719; x_wconf 85' lang='lat' dir='ltr'>ro</span> <span class='ocrx_word' id='word_1_195' title='bbox 1318 2684 1469 2732; x_wconf 85' lang='lat' dir='ltr'>quam</span> <span class='ocrx_word' id='word_1_196' title='bbox 1496 2668 1610 2731; x_wconf 83' lang='lat' dir='ltr'>(for</span> <span class='ocrx_word' id='word_1_197' title='bbox 1629 2670 1887 2733; x_wconf 80' lang='lat' dir='ltr'>quoniam)</span> <span class='ocrx_word' id='word_1_198' title='bbox 1911 2670 1934 2718; x_wconf 80' lang='lat' dir='ltr'><em>l</em></span> <span class='ocrx_word' id='word_1_199' title='bbox 2153 2685 2205 2719; x_wconf 85' lang='lat'>11</span> <span class='ocrx_word' id='word_1_200' title='bbox 2245 2670 2311 2717; x_wconf 85' lang='lat' dir='ltr'>ad</span> <span class='ocrx_word' id='word_1_201' title='bbox 2346 2667 2460 2733; x_wconf 82' lang='lat' dir='ltr'>(for</span> <span class='ocrx_word' id='word_1_202' title='bbox 2479 2670 2563 2733; x_wconf 79' lang='lat' dir='ltr'>ab)</span> <span class='ocrx_word' id='word_1_203' title='bbox 2589 2670 2657 2718; x_wconf 85' lang='grc' dir='ltr'><em>Η</em></span> <span class='ocrx_word' id='word_1_204' title='bbox 2846 2685 2907 2721; x_wconf 73' lang='lat'>12</span> 
     </span>
     <span class='ocr_line' id='line_1_24' title="bbox 487 2749 2911 2815; baseline 0.001 -16"><span class='ocrx_word' id='word_1_205' title='bbox 487 2766 694 2815; x_wconf 87' lang='lat' dir='ltr'>operum</span> <span class='ocrx_word' id='word_1_206' title='bbox 717 2752 786 2799; x_wconf 88' lang='grc' dir='ltr'><em>Η</em></span> <span class='ocrx_word' id='word_1_207' title='bbox 911 2766 968 2814; x_wconf 77' lang='lat'>¹3</span> <span class='ocrx_word' id='word_1_208' title='bbox 1002 2750 1259 2800; x_wconf 80' lang='lat' dir='ltr'>uerissima</span> <span class='ocrx_word' id='word_1_209' title='bbox 1286 2751 1594 2800; x_wconf 84' lang='lat' dir='ltr'>existimatur</span> <span class='ocrx_word' id='word_1_210' title='bbox 1635 2749 1713 2799; x_wconf 78' lang='lat' dir='ltr'>C*</span> <span class='ocrx_word' id='word_1_211' title='bbox 1736 2751 1804 2799; x_wconf 85' lang='grc' dir='ltr'><em>Η</em></span> <span class='ocrx_word' id='word_1_212' title='bbox 1858 2749 2114 2799; x_wconf 84' lang='lat' dir='ltr'>uerissime</span> <span class='ocrx_word' id='word_1_213' title='bbox 2142 2750 2453 2800; x_wconf 81' lang='lat' dir='ltr'>existimetur</span> <span class='ocrx_word' id='word_1_214' title='bbox 2490 2750 2533 2799; x_wconf 90' lang='lat' dir='ltr'><em>C</em></span> <span class='ocrx_word' id='word_1_215' title='bbox 2552 2752 2702 2811; x_wconf 79' lang='lat' dir='ltr'>(corr)</span> <span class='ocrx_word' id='word_1_216' title='bbox 2761 2752 2911 2801; x_wconf 88' lang='lat' dir='ltr'>ueris·</span> 
     </span>
     <span class='ocr_line' id='line_1_25' title="bbox 487 2829 2911 2895; baseline 0 -16"><span class='ocrx_word' id='word_1_217' title='bbox 487 2830 615 2879; x_wconf 80' lang='lat' dir='ltr'>sima</span> <span class='ocrx_word' id='word_1_218' title='bbox 636 2829 943 2880; x_wconf 86' lang='lat' dir='ltr'>existimatur</span> <span class='ocrx_word' id='word_1_219' title='bbox 965 2830 1214 2880; x_wconf 78' lang='lat' dir='ltr'>accusatio</span> <span class='ocrx_word' id='word_1_220' title='bbox 1237 2846 1270 2879; x_wconf 83' lang='lat' dir='ltr'>r</span> <span class='ocrx_word' id='word_1_221' title='bbox 1446 2847 1504 2893; x_wconf 88' lang='lat'>14</span> <span class='ocrx_word' id='word_1_222' title='bbox 1539 2830 1641 2879; x_wconf 88' lang='lat' dir='ltr'>uid.</span> <span class='ocrx_word' id='word_1_223' title='bbox 1665 2832 1786 2879; x_wconf 84' lang='lat' dir='ltr'>mul.</span> <span class='ocrx_word' id='word_1_224' title='bbox 1812 2830 1893 2879; x_wconf 89' lang='lat' dir='ltr'>uel</span> <span class='ocrx_word' id='word_1_225' title='bbox 1915 2830 2182 2895; x_wconf 80' lang='lat' dir='ltr'>loquantur</span> <span class='ocrx_word' id='word_1_226' title='bbox 2204 2845 2321 2878; x_wconf 85' lang='lat' dir='ltr'>cum</span> <span class='ocrx_word' id='word_1_227' title='bbox 2343 2829 2414 2879; x_wconf 84' lang='lat' dir='ltr'>eis</span> <span class='ocrx_word' id='word_1_228' title='bbox 2436 2845 2469 2877; x_wconf 85' lang='lat' dir='ltr'>r</span> <span class='ocrx_word' id='word_1_229' title='bbox 2640 2844 2697 2892; x_wconf 83' lang='lat'>15</span> <span class='ocrx_word' id='word_1_230' title='bbox 2732 2846 2911 2880; x_wconf 80' lang='lat' dir='ltr'>occan-</span> 
     </span>
    </p>
   </div>
   <div class='ocr_carea' id='block_1_5' title="bbox 487 2910 2909 3055">
    <p class='ocr_par' dir='ltr' id='par_1_8' title="bbox 487 2910 2909 3055">
     <span class='ocr_line' id='line_1_26' title="bbox 487 2910 2909 2975; baseline 0 -14"><span class='ocrx_word' id='word_1_231' title='bbox 487 2912 678 2961; x_wconf 84' lang='lat' dir='ltr'>sionem</span> <span class='ocrx_word' id='word_1_232' title='bbox 701 2911 1012 2961; x_wconf 84' lang='lat' dir='ltr'>occansionis</span> <span class='ocrx_word' id='word_1_233' title='bbox 1040 2912 1083 2961; x_wconf 88' lang='lat' dir='ltr'><em>C</em></span> <span class='ocrx_word' id='word_1_234' title='bbox 1133 2912 1447 2962; x_wconf 81' lang='lat' dir='ltr'>occasionem</span> <span class='ocrx_word' id='word_1_235' title='bbox 1469 2912 1785 2962; x_wconf 81' lang='lat' dir='ltr'>occasionem</span> <span class='ocrx_word' id='word_1_236' title='bbox 1807 2913 1871 2962; x_wconf 86' lang='lat' dir='ltr'><em>H</em></span> <span class='ocrx_word' id='word_1_237' title='bbox 1883 2930 1896 2961; x_wconf 73' lang='lat' dir='ltr'><em>z</em></span> <span class='ocrx_word' id='word_1_238' title='bbox 1929 2918 2009 2961; x_wconf 76' lang='lat' dir='ltr'>lxt</span> <span class='ocrx_word' id='word_1_239' title='bbox 2027 2928 2060 2960; x_wconf 86' lang='lat' dir='ltr'>r</span> <span class='ocrx_word' id='word_1_240' title='bbox 2314 2910 2373 2961; x_wconf 83' lang='lat'>16</span> <span class='ocrx_word' id='word_1_241' title='bbox 2406 2912 2513 2961; x_wconf 88' lang='lat' dir='ltr'>sine</span> <span class='ocrx_word' id='word_1_242' title='bbox 2536 2912 2652 2975; x_wconf 82' lang='lat' dir='ltr'>(for</span> <span class='ocrx_word' id='word_1_243' title='bbox 2670 2912 2787 2975; x_wconf 87' lang='lat' dir='ltr'>nisi)</span> <span class='ocrx_word' id='word_1_244' title='bbox 2812 2914 2879 2962; x_wconf 87' lang='grc' dir='ltr'><em>Η</em></span> <span class='ocrx_word' id='word_1_245' title='bbox 2882 2910 2909 2936; x_wconf 82' lang='grc'>“”</span> 
     </span>
     <span class='ocr_line' id='line_1_27' title="bbox 493 2992 860 3055; baseline -0.008 -14"><span class='ocrx_word' id='word_1_246' title='bbox 493 3006 552 3055; x_wconf 91' lang='lat'>19</span> <span class='ocrx_word' id='word_1_247' title='bbox 584 2992 737 3041; x_wconf 84' lang='lat' dir='ltr'>adicit</span> <span class='ocrx_word' id='word_1_248' title='bbox 766 2992 811 3041; x_wconf 87' lang='lat' dir='ltr'><em>C</em></span> <span class='ocrx_word' id='word_1_249' title='bbox 826 3005 860 3038; x_wconf 82' lang='lat' dir='ltr'>r</span> 
     </span>
    </p>
   </div>
   <div class='ocr_carea' id='block_1_6' title="bbox 488 3154 1653 3303">
    <p class='ocr_par' dir='ltr' id='par_1_9' title="bbox 488 3154 1653 3303">
     <span class='ocr_line' id='line_1_28' title="bbox 488 3154 1653 3225; baseline 0.005 -22"><span class='ocrx_word' id='word_1_250' title='bbox 488 3154 674 3205; x_wconf 87' lang='lat' dir='ltr'>laicum</span> <span class='ocrx_word' id='word_1_251' title='bbox 727 3155 1095 3206; x_wconf 74' lang='lat' dir='ltr'>accusationem</span> <span class='ocrx_word' id='word_1_252' title='bbox 1149 3156 1404 3222; x_wconf 87' lang='lat' dir='ltr'>recipere;</span> <span class='ocrx_word' id='word_1_253' title='bbox 1459 3166 1653 3225; x_wconf 81' lang='lat' dir='ltr'>quanto</span> 
     </span>
     <span class='ocr_line' id='line_1_29' title="bbox 489 3238 1532 3303; baseline 0.002 -16"><span class='ocrx_word' id='word_1_254' title='bbox 489 3238 650 3303; x_wconf 83' lang='lat' dir='ltr'>magis</span> <span class='ocrx_word' id='word_1_255' title='bbox 671 3239 910 3289; x_wconf 84' lang='lat' dir='ltr'>aduersus</span> <span class='ocrx_word' id='word_1_256' title='bbox 935 3239 1145 3289; x_wconf 87' lang='lat' dir='ltr'>Domini</span> <span class='ocrx_word' id='word_1_257' title='bbox 1167 3240 1532 3291; x_wconf 84' lang='lat' dir='ltr'>sacerdotem.”</span> 
     </span>
    </p>
   </div>
   <div class='ocr_carea' id='block_1_7' title="bbox 1752 3158 2920 3304">
    <p class='ocr_par' dir='ltr' id='par_1_10' title="bbox 1752 3158 2920 3304">
     <span class='ocr_line' id='line_1_30' title="bbox 1752 3158 2920 3222; baseline 0.002 -13"><span class='ocrx_word' id='word_1_258' title='bbox 1752 3162 1985 3210; x_wconf 71' lang='grc' dir='ltr'>τέθεσανε</span> <span class='ocrx_word' id='word_1_259' title='bbox 2022 3160 2223 3211; x_wconf 67' lang='lat' dir='ltr'>Sooeom.</span> <span class='ocrx_word' id='word_1_260' title='bbox 2260 3172 2359 3210; x_wconf 83' lang='lat' dir='ltr'>vn.</span> <span class='ocrx_word' id='word_1_261' title='bbox 2395 3158 2474 3222; x_wconf 81' lang='lat'>16,</span> <span class='ocrx_word' id='word_1_262' title='bbox 2510 3160 2920 3221; x_wconf 68' lang='grc' dir='ltr'>ἐπηκολούθηὰαν</span> 
     </span>
     <span class='ocr_line' id='line_1_31' title="bbox 1752 3242 2911 3304; baseline 0.002 -13"><span class='ocrx_word' id='word_1_263' title='bbox 1752 3243 1808 3291; x_wconf 82' lang='grc' dir='ltr'>δὲ</span> <span class='ocrx_word' id='word_1_264' title='bbox 1856 3244 2035 3303; x_wconf 75' lang='grc' dir='ltr'>σχεδὸν</span> <span class='ocrx_word' id='word_1_265' title='bbox 2074 3244 2117 3291; x_wconf 73' lang='grc' dir='ltr'>οἱ</span> <span class='ocrx_word' id='word_1_266' title='bbox 2163 3244 2421 3304; x_wconf 76' lang='grc' dir='ltr'>πανταχοῦ</span> <span class='ocrx_word' id='word_1_267' title='bbox 2468 3242 2767 3304; x_wconf 70' lang='grc' dir='ltr'><strong>ἐπίσκοποι),</strong></span> <span class='ocrx_word' id='word_1_268' title='bbox 2808 3244 2911 3293; x_wconf 87' lang='lat' dir='ltr'>Th.</span> 
     </span>
    </p>
   </div>
   <div class='ocr_carea' id='block_1_8' title="bbox 565 3320 2914 3390">
    <p class='ocr_par' dir='ltr' id='par_1_11' title="bbox 565 3320 2914 3390">
     <span class='ocr_line' id='line_1_32' title="bbox 565 3320 2914 3390; baseline 0.002 -20"><span class='ocrx_word' id='word_1_269' title='bbox 565 3337 608 3371; x_wconf 86' lang='lat'>1.</span> <span class='ocrx_word' id='word_1_270' title='bbox 666 3320 1218 3381; x_wconf 79' lang='lat' dir='ltr'>interea]=interdum;</span> <span class='ocrx_word' id='word_1_271' title='bbox 1251 3322 1316 3372; x_wconf 85' lang='lat' dir='ltr'>cs.</span> <span class='ocrx_word' id='word_1_272' title='bbox 1341 3335 1404 3373; x_wconf 89' lang='lat'>11.</span> <span class='ocrx_word' id='word_1_273' title='bbox 1429 3340 1477 3388; x_wconf 90' lang='lat' dir='ltr'>p.</span> <span class='ocrx_word' id='word_1_274' title='bbox 1507 3336 1588 3388; x_wconf 85' lang='lat'>93,</span> <span class='ocrx_word' id='word_1_275' title='bbox 1612 3323 1648 3373; x_wconf 90' lang='lat'>1.</span> <span class='ocrx_word' id='word_1_276' title='bbox 1752 3334 1884 3375; x_wconf 86' lang='lat' dir='ltr'>must</span> <span class='ocrx_word' id='word_1_277' title='bbox 1905 3325 1969 3375; x_wconf 86' lang='lat' dir='ltr'>be</span> <span class='ocrx_word' id='word_1_278' title='bbox 1992 3324 2245 3390; x_wconf 89' lang='lat' dir='ltr'>supposed</span> <span class='ocrx_word' id='word_1_279' title='bbox 2268 3333 2323 3374; x_wconf 93' lang='lat' dir='ltr'>to</span> <span class='ocrx_word' id='word_1_280' title='bbox 2345 3324 2473 3375; x_wconf 87' lang='lat' dir='ltr'>refer</span> <span class='ocrx_word' id='word_1_281' title='bbox 2492 3332 2553 3373; x_wconf 85' lang='lat' dir='ltr'>to</span> <span class='ocrx_word' id='word_1_282' title='bbox 2570 3324 2657 3373; x_wconf 91' lang='lat' dir='ltr'>the</span> <span class='ocrx_word' id='word_1_283' title='bbox 2679 3325 2914 3390; x_wconf 86' lang='lat' dir='ltr'>ordinary</span> 
     </span>
    </p>
   </div>
   <div class='ocr_carea' id='block_1_9' title="bbox 488 3406 1659 4286">
    <p class='ocr_par' dir='ltr' id='par_1_12' title="bbox 491 3406 702 3464">
     <span class='ocr_line' id='line_1_33' title="bbox 491 3406 702 3464; baseline -0.005 -11"><span class='ocrx_word' id='word_1_284' title='bbox 491 3406 542 3464; x_wconf 88' lang='lat'>8,</span> <span class='ocrx_word' id='word_1_285' title='bbox 569 3408 702 3452; x_wconf 86' lang='lat' dir='ltr'>note.</span> 
     </span>
    </p>

    <p class='ocr_par' dir='ltr' id='par_1_13' title="bbox 488 3485 1653 3960">
     <span class='ocr_line' id='line_1_34' title="bbox 557 3485 1653 3553; baseline 0.003 -18"><span class='ocrx_word' id='word_1_286' title='bbox 557 3502 604 3550; x_wconf 82' lang='lat'>3.</span> <span class='ocrx_word' id='word_1_287' title='bbox 669 3491 834 3553; x_wconf 79' lang='lat' dir='ltr'>utpote</span> <span class='ocrx_word' id='word_1_288' title='bbox 885 3500 1189 3535; x_wconf 78' lang='lat' dir='ltr'>communem</span> <span class='ocrx_word' id='word_1_289' title='bbox 1240 3485 1460 3550; x_wconf 75' lang='lat' dir='ltr'>patrem]</span> <span class='ocrx_word' id='word_1_290' title='bbox 1553 3487 1653 3538; x_wconf 89' lang='lat' dir='ltr'>See</span> 
     </span>
     <span class='ocr_line' id='line_1_35' title="bbox 493 3563 1653 3631; baseline 0.001 -14"><span class='ocrx_word' id='word_1_291' title='bbox 493 3568 682 3626; x_wconf 81' lang='lat' dir='ltr'>Suicer,</span> <span class='ocrx_word' id='word_1_292' title='bbox 707 3582 804 3617; x_wconf 59' lang='lat' dir='ltr'>sav.</span> <span class='ocrx_word' id='word_1_293' title='bbox 848 3563 1012 3629; x_wconf 72' lang='grc' dir='ltr'>πατήρ</span> <span class='ocrx_word' id='word_1_294' title='bbox 1051 3563 1096 3631; x_wconf 80' lang='lat'>(2</span> <span class='ocrx_word' id='word_1_295' title='bbox 1121 3566 1194 3623; x_wconf 77' lang='lat' dir='ltr'>b).</span> <span class='ocrx_word' id='word_1_296' title='bbox 1263 3566 1442 3631; x_wconf 85' lang='lat' dir='ltr'>Chrys.</span> <span class='ocrx_word' id='word_1_297' title='bbox 1479 3568 1653 3618; x_wconf 63' lang='lat' dir='ltr'>denies</span> 
     </span>
     <span class='ocr_line' id='line_1_36' title="bbox 491 3648 1651 3714; baseline 0 -15"><span class='ocrx_word' id='word_1_298' title='bbox 491 3649 601 3700; x_wconf 74' lang='lat' dir='ltr'>that</span> <span class='ocrx_word' id='word_1_299' title='bbox 637 3649 722 3699; x_wconf 89' lang='lat' dir='ltr'>the</span> <span class='ocrx_word' id='word_1_300' title='bbox 759 3648 860 3714; x_wconf 80' lang='lat' dir='ltr'>Ap.</span> <span class='ocrx_word' id='word_1_301' title='bbox 897 3648 1049 3699; x_wconf 76' lang='lat' dir='ltr'>refers</span> <span class='ocrx_word' id='word_1_302' title='bbox 1082 3656 1137 3699; x_wconf 91' lang='lat' dir='ltr'>to</span> <span class='ocrx_word' id='word_1_303' title='bbox 1167 3648 1254 3699; x_wconf 92' lang='lat' dir='ltr'>the</span> <span class='ocrx_word' id='word_1_304' title='bbox 1283 3648 1462 3699; x_wconf 74' lang='lat' dir='ltr'>officia]</span> <span class='ocrx_word' id='word_1_305' title='bbox 1505 3667 1651 3709; x_wconf 76' lang='grc' dir='ltr'><strong><em>τρεσ-</em></strong></span> 
     </span>
     <span class='ocr_line' id='line_1_37' title="bbox 488 3724 1652 3795; baseline 0 -14"><span class='ocrx_word' id='word_1_306' title='bbox 488 3728 690 3795; x_wconf 77' lang='grc' dir='ltr'><strong><em>βὺτερος</em></strong></span> <span class='ocrx_word' id='word_1_307' title='bbox 706 3729 742 3795; x_wconf 83' lang='lat'>(⁸</span> <span class='ocrx_word' id='word_1_308' title='bbox 757 3726 850 3794; x_wconf 63' lang='grc' dir='ltr'>1·ρῖ</span> <span class='ocrx_word' id='word_1_309' title='bbox 887 3731 987 3794; x_wconf 80' lang='grc' dir='ltr'>γὰρ</span> <span class='ocrx_word' id='word_1_310' title='bbox 1020 3727 1228 3781; x_wconf 71' lang='grc' dir='ltr'>ἐνταῦθα</span> <span class='ocrx_word' id='word_1_311' title='bbox 1264 3733 1414 3791; x_wconf 74' lang='grc' dir='ltr'>φησὶν</span> <span class='ocrx_word' id='word_1_312' title='bbox 1453 3729 1562 3793; x_wconf 76' lang='grc' dir='ltr'>οὐχὶ</span> <span class='ocrx_word' id='word_1_313' title='bbox 1595 3724 1652 3781; x_wconf 72' lang='grc' dir='ltr'>τὸ</span> 
     </span>
     <span class='ocr_line' id='line_1_38' title="bbox 491 3808 1653 3875; baseline 0.003 -16"><span class='ocrx_word' id='word_1_314' title='bbox 491 3813 694 3872; x_wconf 73' lang='grc' dir='ltr'>ἀξίωμα,</span> <span class='ocrx_word' id='word_1_315' title='bbox 720 3808 850 3860; x_wconf 74' lang='grc' dir='ltr'>ἀλλὰ</span> <span class='ocrx_word' id='word_1_316' title='bbox 869 3812 960 3870; x_wconf 64' lang='grc' dir='ltr'>τὴν</span> <span class='ocrx_word' id='word_1_317' title='bbox 981 3809 1208 3875; x_wconf 75' lang='grc' dir='ltr'>ἡλικίαν),</span> <span class='ocrx_word' id='word_1_318' title='bbox 1238 3812 1338 3861; x_wconf 76' lang='lat' dir='ltr'>and</span> <span class='ocrx_word' id='word_1_319' title='bbox 1369 3812 1424 3862; x_wconf 84' lang='lat' dir='ltr'>in</span> <span class='ocrx_word' id='word_1_320' title='bbox 1461 3814 1561 3863; x_wconf 78' lang='lat' dir='ltr'>this</span> <span class='ocrx_word' id='word_1_321' title='bbox 1585 3813 1653 3863; x_wconf 85' lang='lat' dir='ltr'>he</span> 
     </span>
     <span class='ocr_line' id='line_1_39' title="bbox 491 3893 1370 3960; baseline -0.003 -14"><span class='ocrx_word' id='word_1_322' title='bbox 491 3898 534 3948; x_wconf 83' lang='lat' dir='ltr'>is</span> <span class='ocrx_word' id='word_1_323' title='bbox 556 3896 790 3947; x_wconf 75' lang='lat' dir='ltr'>followed</span> <span class='ocrx_word' id='word_1_324' title='bbox 812 3895 880 3959; x_wconf 88' lang='lat' dir='ltr'>by</span> <span class='ocrx_word' id='word_1_325' title='bbox 903 3893 1028 3945; x_wconf 85' lang='lat' dir='ltr'>Oec.</span> <span class='ocrx_word' id='word_1_326' title='bbox 1053 3894 1152 3943; x_wconf 85' lang='lat' dir='ltr'>and</span> <span class='ocrx_word' id='word_1_327' title='bbox 1177 3894 1370 3960; x_wconf 88' lang='lat' dir='ltr'>Thpht.</span> 
     </span>
    </p>

    <p class='ocr_par' dir='ltr' id='par_1_14' title="bbox 492 3976 1659 4286">
     <span class='ocr_line' id='line_1_40' title="bbox 561 3976 1659 4041; baseline 0.004 -16"><span class='ocrx_word' id='word_1_328' title='bbox 561 3991 606 4041; x_wconf 85' lang='lat'>5.</span> <span class='ocrx_word' id='word_1_329' title='bbox 675 3977 902 4027; x_wconf 79' lang='lat' dir='ltr'>mulieres</span> <span class='ocrx_word' id='word_1_330' title='bbox 920 3976 1116 4041; x_wconf 78' lang='lat' dir='ltr'>cogitur</span> <span class='ocrx_word' id='word_1_331' title='bbox 1129 3976 1308 4037; x_wconf 57' lang='lat' dir='ltr'>uidae,</span> <span class='ocrx_word' id='word_1_332' title='bbox 1347 3978 1468 4040; x_wconf 86' lang='lat' dir='ltr'>&amp;c.]</span> <span class='ocrx_word' id='word_1_333' title='bbox 1541 3978 1659 4029; x_wconf 88' lang='lat' dir='ltr'>The</span> 
     </span>
     <span class='ocr_line' id='line_1_41' title="bbox 492 4056 1651 4123; baseline 0.002 -16"><span class='ocrx_word' id='word_1_334' title='bbox 492 4056 638 4108; x_wconf 83' lang='lat' dir='ltr'>office</span> <span class='ocrx_word' id='word_1_335' title='bbox 667 4057 729 4107; x_wconf 82' lang='lat' dir='ltr'>of</span> <span class='ocrx_word' id='word_1_336' title='bbox 753 4056 1084 4123; x_wconf 79' lang='lat' dir='ltr'>penitentiary</span> <span class='ocrx_word' id='word_1_337' title='bbox 1117 4056 1272 4123; x_wconf 68' lang='lat' dir='ltr'>priest</span> <span class='ocrx_word' id='word_1_338' title='bbox 1305 4057 1491 4123; x_wconf 72' lang='lat' dir='ltr'>having</span> <span class='ocrx_word' id='word_1_339' title='bbox 1521 4058 1651 4109; x_wconf 80' lang='lat' dir='ltr'>been</span> 
     </span>
     <span class='ocr_line' id='line_1_42' title="bbox 492 4137 1649 4203; baseline 0 -14"><span class='ocrx_word' id='word_1_340' title='bbox 492 4138 712 4202; x_wconf 85' lang='lat' dir='ltr'>recently</span> <span class='ocrx_word' id='word_1_341' title='bbox 734 4137 1012 4197; x_wconf 78' lang='lat' dir='ltr'>abolished,</span> <span class='ocrx_word' id='word_1_342' title='bbox 1039 4146 1128 4188; x_wconf 88' lang='lat' dir='ltr'>not</span> <span class='ocrx_word' id='word_1_343' title='bbox 1143 4139 1262 4203; x_wconf 86' lang='lat' dir='ltr'>only</span> <span class='ocrx_word' id='word_1_344' title='bbox 1283 4145 1335 4189; x_wconf 81' lang='lat' dir='ltr'>at</span> <span class='ocrx_word' id='word_1_345' title='bbox 1361 4138 1649 4189; x_wconf 83' lang='lat' dir='ltr'>Constanti-</span> 
     </span>
     <span class='ocr_line' id='line_1_43' title="bbox 495 4219 1648 4286; baseline 0.002 -16"><span class='ocrx_word' id='word_1_346' title='bbox 495 4220 658 4285; x_wconf 86' lang='lat' dir='ltr'>nople,</span> <span class='ocrx_word' id='word_1_347' title='bbox 686 4220 778 4270; x_wconf 86' lang='lat' dir='ltr'>but</span> <span class='ocrx_word' id='word_1_348' title='bbox 798 4219 1052 4284; x_wconf 79' lang='lat' dir='ltr'>generally</span> <span class='ocrx_word' id='word_1_349' title='bbox 1075 4220 1381 4286; x_wconf 89' lang='lat' dir='ltr'>throughout</span> <span class='ocrx_word' id='word_1_350' title='bbox 1404 4222 1490 4272; x_wconf 89' lang='lat' dir='ltr'>the</span> <span class='ocrx_word' id='word_1_351' title='bbox 1524 4222 1648 4272; x_wconf 79' lang='lat' dir='ltr'>East</span> 
     </span>
    </p>
   </div>
   <div class='ocr_carea' id='block_1_10' title="bbox 1751 3404 2913 3631">
    <p class='ocr_par' dir='ltr' id='par_1_15' title="bbox 1751 3404 2913 3631">
     <span class='ocr_line' id='line_1_44' title="bbox 1751 3404 2912 3471; baseline 0 -16"><span class='ocrx_word' id='word_1_352' title='bbox 1751 3406 1971 3471; x_wconf 86' lang='lat' dir='ltr'>pastoral</span> <span class='ocrx_word' id='word_1_353' title='bbox 1994 3408 2301 3455; x_wconf 85' lang='lat' dir='ltr'>intercourse</span> <span class='ocrx_word' id='word_1_354' title='bbox 2322 3405 2381 3454; x_wconf 85' lang='lat' dir='ltr'>of</span> <span class='ocrx_word' id='word_1_355' title='bbox 2397 3404 2483 3454; x_wconf 82' lang='lat' dir='ltr'>the</span> <span class='ocrx_word' id='word_1_356' title='bbox 2504 3404 2765 3469; x_wconf 86' lang='lat' dir='ltr'>presbyter</span> <span class='ocrx_word' id='word_1_357' title='bbox 2786 3405 2912 3455; x_wconf 80' lang='lat' dir='ltr'>with</span> 
     </span>
     <span class='ocr_line' id='line_1_45' title="bbox 1752 3486 2912 3539; baseline 0 -1"><span class='ocrx_word' id='word_1_358' title='bbox 1752 3488 1831 3539; x_wconf 82' lang='lat' dir='ltr'>his</span> <span class='ocrx_word' id='word_1_359' title='bbox 1860 3488 2009 3537; x_wconf 84' lang='lat' dir='ltr'>flock.</span> <span class='ocrx_word' id='word_1_360' title='bbox 2082 3488 2195 3537; x_wconf 84' lang='lat' dir='ltr'>The</span> <span class='ocrx_word' id='word_1_361' title='bbox 2215 3487 2463 3537; x_wconf 80' lang='lat' dir='ltr'>seclusion</span> <span class='ocrx_word' id='word_1_362' title='bbox 2485 3488 2537 3536; x_wconf 91' lang='lat' dir='ltr'>in</span> <span class='ocrx_word' id='word_1_363' title='bbox 2570 3486 2739 3537; x_wconf 79' lang='lat' dir='ltr'>which</span> <span class='ocrx_word' id='word_1_364' title='bbox 2768 3488 2912 3538; x_wconf 86' lang='lat' dir='ltr'>East-</span> 
     </span>
     <span class='ocr_line' id='line_1_46' title="bbox 1752 3567 2913 3631; baseline -0.002 -13"><span class='ocrx_word' id='word_1_365' title='bbox 1752 3586 1842 3619; x_wconf 87' lang='lat' dir='ltr'>ern</span> <span class='ocrx_word' id='word_1_366' title='bbox 1898 3584 2095 3618; x_wconf 81' lang='lat' dir='ltr'>women</span> <span class='ocrx_word' id='word_1_367' title='bbox 2152 3568 2253 3618; x_wconf 79' lang='lat' dir='ltr'>live</span> <span class='ocrx_word' id='word_1_368' title='bbox 2314 3584 2433 3631; x_wconf 79' lang='lat' dir='ltr'>may</span> <span class='ocrx_word' id='word_1_369' title='bbox 2486 3568 2616 3618; x_wconf 79' lang='lat' dir='ltr'>have</span> <span class='ocrx_word' id='word_1_370' title='bbox 2674 3567 2913 3617; x_wconf 88' lang='lat' dir='ltr'>rendered</span> 
     </span>
    </p>
   </div>
   <div class='ocr_carea' id='block_1_11' title="bbox 1702 3650 2904 3715">
    <p class='ocr_par' dir='ltr' id='par_1_16' title="bbox 1702 3650 2904 3715">
     <span class='ocr_line' id='line_1_47' title="bbox 1702 3650 2904 3715; baseline 0.001 -18"><span class='ocrx_word' id='word_1_371' title='bbox 1702 3688 1711 3697; x_wconf 90' lang='lat'><strong>.</strong></span> <span class='ocrx_word' id='word_1_372' title='bbox 1753 3650 1853 3701; x_wconf 87' lang='lat' dir='ltr'>this</span> <span class='ocrx_word' id='word_1_373' title='bbox 1884 3652 2188 3701; x_wconf 82' lang='lat' dir='ltr'>intercourse</span> <span class='ocrx_word' id='word_1_374' title='bbox 2231 3650 2506 3715; x_wconf 88' lang='lat' dir='ltr'>peculiarly</span> <span class='ocrx_word' id='word_1_375' title='bbox 2545 3666 2679 3715; x_wconf 87' lang='lat' dir='ltr'>open</span> <span class='ocrx_word' id='word_1_376' title='bbox 2715 3658 2767 3699; x_wconf 93' lang='lat' dir='ltr'>to</span> <span class='ocrx_word' id='word_1_377' title='bbox 2800 3664 2904 3699; x_wconf 84' lang='lat' dir='ltr'>sus·</span> 
     </span>
    </p>
   </div>
   <div class='ocr_carea' id='block_1_12' title="bbox 1754 3731 2917 4287">
    <p class='ocr_par' dir='ltr' id='par_1_17' title="bbox 1754 3731 2917 4203">
     <span class='ocr_line' id='line_1_48' title="bbox 1754 3731 2911 3799; baseline -0.002 -16"><span class='ocrx_word' id='word_1_378' title='bbox 1754 3733 1955 3799; x_wconf 88' lang='lat' dir='ltr'>picion;</span> <span class='ocrx_word' id='word_1_379' title='bbox 2002 3734 2093 3783; x_wconf 88' lang='lat' dir='ltr'>but</span> <span class='ocrx_word' id='word_1_380' title='bbox 2126 3732 2171 3782; x_wconf 82' lang='lat' dir='ltr'>if</span> <span class='ocrx_word' id='word_1_381' title='bbox 2209 3749 2286 3782; x_wconf 86' lang='lat' dir='ltr'>we</span> <span class='ocrx_word' id='word_1_382' title='bbox 2324 3748 2441 3795; x_wconf 77' lang='lat' dir='ltr'>may</span> <span class='ocrx_word' id='word_1_383' title='bbox 2468 3731 2665 3781; x_wconf 87' lang='lat' dir='ltr'>believe</span> <span class='ocrx_word' id='word_1_384' title='bbox 2688 3732 2911 3795; x_wconf 89' lang='lat' dir='ltr'>Jerome‚</span> 
     </span>
     <span class='ocr_line' id='line_1_49' title="bbox 1754 3811 2911 3876; baseline -0.004 -11"><span class='ocrx_word' id='word_1_385' title='bbox 1754 3814 1895 3865; x_wconf 87' lang='lat' dir='ltr'>there</span> <span class='ocrx_word' id='word_1_386' title='bbox 1918 3829 2021 3863; x_wconf 81' lang='lat' dir='ltr'>was</span> <span class='ocrx_word' id='word_1_387' title='bbox 2050 3812 2336 3864; x_wconf 84' lang='lat' dir='ltr'>sometimes</span> <span class='ocrx_word' id='word_1_388' title='bbox 2350 3812 2455 3876; x_wconf 85' lang='lat' dir='ltr'>just</span> <span class='ocrx_word' id='word_1_389' title='bbox 2494 3828 2642 3862; x_wconf 83' lang='lat' dir='ltr'>cause</span> <span class='ocrx_word' id='word_1_390' title='bbox 2670 3811 2750 3861; x_wconf 85' lang='lat' dir='ltr'>sor</span> <span class='ocrx_word' id='word_1_391' title='bbox 2776 3827 2911 3861; x_wconf 89' lang='lat' dir='ltr'>com-</span> 
     </span>
     <span class='ocr_line' id='line_1_50' title="bbox 1754 3892 2917 3961; baseline -0.001 -17"><span class='ocrx_word' id='word_1_392' title='bbox 1754 3894 2022 3961; x_wconf 81' lang='lat' dir='ltr'>plaint(ep.</span> <span class='ocrx_word' id='word_1_393' title='bbox 2053 3908 2143 3944; x_wconf 67' lang='grc' dir='ltr'>παι</span> <span class='ocrx_word' id='word_1_394' title='bbox 2182 3896 2219 3921; x_wconf 84' lang='lat'>‘⁴</span> <span class='ocrx_word' id='word_1_395' title='bbox 2234 3899 2348 3945; x_wconf 90' lang='lat' dir='ltr'>sunt</span> <span class='ocrx_word' id='word_1_396' title='bbox 2362 3892 2578 3942; x_wconf 88' lang='lat' dir='ltr'>alii...de</span> <span class='ocrx_word' id='word_1_397' title='bbox 2601 3892 2701 3941; x_wconf 89' lang='lat' dir='ltr'>mei</span> <span class='ocrx_word' id='word_1_398' title='bbox 2723 3892 2917 3943; x_wconf 75' lang='lat' dir='ltr'>ordinis</span> 
     </span>
     <span class='ocr_line' id='line_1_51' title="bbox 1755 3974 2911 4043; baseline -0.003 -15"><span class='ocrx_word' id='word_1_399' title='bbox 1755 3978 2042 4028; x_wconf 84' lang='lat' dir='ltr'>hominibus</span> <span class='ocrx_word' id='word_1_400' title='bbox 2074 3975 2404 4043; x_wconf 89' lang='lat' dir='ltr'>loquor—qui</span> <span class='ocrx_word' id='word_1_401' title='bbox 2444 3976 2561 4025; x_wconf 90' lang='lat' dir='ltr'>ideo</span> <span class='ocrx_word' id='word_1_402' title='bbox 2602 3974 2911 4041; x_wconf 73' lang='lat' dir='ltr'>presbytera-</span> 
     </span>
     <span class='ocr_line' id='line_1_52' title="bbox 1754 4057 2913 4117; baseline -0.002 -7"><span class='ocrx_word' id='word_1_403' title='bbox 1754 4068 1861 4110; x_wconf 87' lang='lat' dir='ltr'>tum</span> <span class='ocrx_word' id='word_1_404' title='bbox 1894 4067 1944 4110; x_wconf 93' lang='lat' dir='ltr'>et</span> <span class='ocrx_word' id='word_1_405' title='bbox 1966 4060 2289 4110; x_wconf 74' lang='lat' dir='ltr'>diaconatum</span> <span class='ocrx_word' id='word_1_406' title='bbox 2312 4058 2558 4117; x_wconf 84' lang='lat' dir='ltr'>ambiunt,</span> <span class='ocrx_word' id='word_1_407' title='bbox 2588 4064 2645 4107; x_wconf 87' lang='lat' dir='ltr'>ut</span> <span class='ocrx_word' id='word_1_408' title='bbox 2678 4057 2913 4108; x_wconf 79' lang='lat' dir='ltr'>mulieres</span> 
     </span>
     <span class='ocr_line' id='line_1_53' title="bbox 1754 4138 2296 4203; baseline -0.004 -12"><span class='ocrx_word' id='word_1_409' title='bbox 1754 4140 1985 4192; x_wconf 85' lang='lat' dir='ltr'>licentius</span> <span class='ocrx_word' id='word_1_410' title='bbox 2008 4141 2212 4191; x_wconf 86' lang='lat' dir='ltr'>uideant</span> <span class='ocrx_word' id='word_1_411' title='bbox 2228 4138 2296 4203; x_wconf 91' lang='lat'>”).</span> 
     </span>
    </p>

    <p class='ocr_par' dir='ltr' id='par_1_18' title="bbox 1822 4218 2911 4287">
     <span class='ocr_line' id='line_1_54' title="bbox 1822 4218 2911 4287; baseline -0.004 -14"><span class='ocrx_word' id='word_1_412' title='bbox 1822 4237 1899 4273; x_wconf 77' lang='lat' dir='ltr'>io.</span> <span class='ocrx_word' id='word_1_413' title='bbox 1954 4220 2213 4287; x_wconf 63' lang='lat' dir='ltr'>prospexit</span> <span class='ocrx_word' id='word_1_414' title='bbox 2264 4235 2387 4285; x_wconf 78' lang='lat' dir='ltr'>ergv,</span> <span class='ocrx_word' id='word_1_415' title='bbox 2450 4218 2565 4285; x_wconf 56' lang='grc' dir='ltr'>δεμ]</span> <span class='ocrx_word' id='word_1_416' title='bbox 2630 4219 2745 4269; x_wconf 86' lang='lat' dir='ltr'>The</span> <span class='ocrx_word' id='word_1_417' title='bbox 2796 4219 2911 4271; x_wconf 79' lang='lat' dir='ltr'>sub·</span> 
     </span>
    </p>
   </div>
   <div class='ocr_carea' id='block_1_13' title="bbox 495 4297 2911 4447">
    <p class='ocr_par' dir='ltr' id='par_1_19' title="bbox 495 4297 2911 4447">
     <span class='ocr_line' id='line_1_55' title="bbox 495 4297 2911 4368; baseline 0 -16"><span class='ocrx_word' id='word_1_418' title='bbox 495 4300 656 4363; x_wconf 81' lang='lat' dir='ltr'>(Soet.</span> <span class='ocrx_word' id='word_1_419' title='bbox 687 4311 748 4367; x_wconf 65' lang='lat' dir='ltr'>vv.</span> <span class='ocrx_word' id='word_1_420' title='bbox 791 4314 868 4365; x_wconf 78' lang='lat'>19,</span> <span class='ocrx_word' id='word_1_421' title='bbox 915 4302 960 4349; x_wconf 76' lang='lat' dir='ltr'>ol</span> <span class='ocrx_word' id='word_1_422' title='bbox 1004 4302 1056 4350; x_wconf 74' lang='grc' dir='ltr'>δὲ</span> <span class='ocrx_word' id='word_1_423' title='bbox 1099 4297 1184 4349; x_wconf 69' lang='grc' dir='ltr'>νῦν</span> <span class='ocrx_word' id='word_1_424' title='bbox 1230 4299 1328 4350; x_wconf 75' lang='grc' dir='ltr'>τῶν</span> <span class='ocrx_word' id='word_1_425' title='bbox 1373 4303 1643 4361; x_wconf 70' lang='grc' dir='ltr'>ἐκκλησιῶν</span> <span class='ocrx_word' id='word_1_426' title='bbox 1748 4310 1919 4353; x_wconf 75' lang='lat' dir='ltr'>stance</span> <span class='ocrx_word' id='word_1_427' title='bbox 1945 4303 2004 4352; x_wconf 84' lang='lat' dir='ltr'>os</span> <span class='ocrx_word' id='word_1_428' title='bbox 2018 4302 2119 4351; x_wconf 85' lang='lat' dir='ltr'>this</span> <span class='ocrx_word' id='word_1_429' title='bbox 2140 4302 2424 4368; x_wconf 65' lang='lat' dir='ltr'>paragraph</span> <span class='ocrx_word' id='word_1_430' title='bbox 2446 4300 2489 4351; x_wconf 80' lang='lat' dir='ltr'>is</span> <span class='ocrx_word' id='word_1_431' title='bbox 2510 4301 2662 4367; x_wconf 81' lang='lat' dir='ltr'>given</span> <span class='ocrx_word' id='word_1_432' title='bbox 2684 4300 2753 4365; x_wconf 82' lang='lat' dir='ltr'>by</span> <span class='ocrx_word' id='word_1_433' title='bbox 2777 4300 2911 4352; x_wconf 73' lang='lat' dir='ltr'>Lan-</span> 
     </span>
     <span class='ocr_line' id='line_1_56' title="bbox 495 4379 2219 4447; baseline -0.001 -14"><span class='ocrx_word' id='word_1_434' title='bbox 495 4379 778 4445; x_wconf 59' lang='lat' dir='ltr'>:paratiores</span> <span class='ocrx_word' id='word_1_435' title='bbox 825 4384 914 4433; x_wconf 67' lang='lat' dir='ltr'>lm</span> <span class='ocrx_word' id='word_1_436' title='bbox 966 4380 1155 4433; x_wconf 71' lang='grc' dir='ltr'><strong>πολλοῦ</strong></span> <span class='ocrx_word' id='word_1_437' title='bbox 1207 4386 1510 4447; x_wconf 72' lang='grc' dir='ltr'>φυλάξαντες</span> <span class='ocrx_word' id='word_1_438' title='bbox 1563 4386 1647 4434; x_wconf 73' lang='grc' dir='ltr'>ἐπὶ</span> <span class='ocrx_word' id='word_1_439' title='bbox 1748 4384 1917 4447; x_wconf 74' lang='lat' dir='ltr'>sranc3</span> <span class='ocrx_word' id='word_1_440' title='bbox 1950 4400 2035 4435; x_wconf 74' lang='lat' dir='ltr'>see</span> <span class='ocrx_word' id='word_1_441' title='bbox 2056 4384 2219 4433; x_wconf 82' lang='lat' dir='ltr'>vv.11.</span> 
     </span>
    </p>
   </div>
   <div class='ocr_carea' id='block_1_14' title="bbox 494 4460 1647 4531">
    <p class='ocr_par' dir='ltr' id='par_1_20' title="bbox 494 4460 1647 4531">
     <span class='ocr_line' id='line_1_57' title="bbox 494 4460 1647 4531; baseline 0.002 -15"><span class='ocrx_word' id='word_1_442' title='bbox 494 4464 762 4527; x_wconf 63' lang='lat' dir='ltr'>Noa-replete</span> <span class='ocrx_word' id='word_1_443' title='bbox 805 4461 891 4514; x_wconf 65' lang='lat' dir='ltr'>roa</span> <span class='ocrx_word' id='word_1_444' title='bbox 928 4460 1198 4515; x_wconf 63' lang='grc' dir='ltr'><strong><em>ἐπισκόπου</em></strong></span> <span class='ocrx_word' id='word_1_445' title='bbox 1243 4467 1374 4529; x_wconf 60' lang='lat' dir='ltr'>[At-D.</span> <span class='ocrx_word' id='word_1_446' title='bbox 1417 4467 1534 4531; x_wconf 80' lang='lat'>391]</span> <span class='ocrx_word' id='word_1_447' title='bbox 1567 4484 1647 4525; x_wconf 72' lang='grc' dir='ltr'>με·</span> 
     </span>
    </p>
   </div>
  </div>
 </body>
</html>
