3250 5025
460 340 588 424 308

1440 353 1824 405 APPENDIX
1872 354 1938 404 A.

465 543 665 600 neque
692 523 855 585 iuxta
881 543 1014 586 eam
1044 541 1197 601 quae
1223 521 1285 583 in
1314 523 1517 584 multis
1544 521 1907 600 intellegitur
1939 521 2211 601 gratiam,
2239 522 2346 584 sed
2387 519 2552 583 iuxta
2586 523 2892 602 quandam

466 623 878 696 excellentem,
909 621 1241 682 secundum
1270 639 1453 698 quarn
1483 621 1665 682 etiam
1693 619 1944 681 adunari
1971 619 2228 681 dicimus
2258 630 2537 698 utrasque
2565 632 2805 681 naturas
2831 630 2895 682 et

468 739 651 780 unam
681 718 847 780 iuxta
872 717 1303 781 adunationem
1333 721 1607 780 effectam
1637 738 1769 779 esse
1797 737 2136 795 personam.

1510 1011 1691 1070 Boox
1734 1025 1862 1068 xrv.

1114 1157 1162 1201 1.
1250 1138 1491 1222 [Leont.
1522 1141 1560 1198 l.
1592 1160 1634 1200 c.
1671 1137 1760 1220 (ἐκ
1780 1145 1882 1199 τοῦ
1912 1137 1980 1199 ιδ’
2008 1136 2255 1221 λόγου)].
2339 1215 2346 1222 .

592 1267 886 1330 Ἐντεῦθεν
911 1265 1011 1329 οὖν
1039 1267 1132 1328 καὶ
1156 1267 1409 1344 τοσαύτη
1432 1268 1668 1350 γέγονεν
1687 1269 1816 1347 περὶ
1831 1268 1930 1329 τᾶν
1945 1266 2243 1346 ἄνθρωπον
2260 1266 2298 1345 ἧ
2312 1265 2466 1346 τιμή,
2487 1265 2900 1336 καταξανθέντα

410 1369 441 1430 5
474 1365 628 1429 θείας
665 1364 999 1443 ἐνοικήσεως
1035 1371 1137 1426 τοῦ
1166 1391 1231 1426 τε
1269 1365 1559 1441 καθῆσθαι
1591 1370 1654 1425 ἐκ
1690 1366 1881 1438 δεξιῶν
1919 1368 2020 1425 τοῦ
2054 1357 2274 1442 ’πατρός
2315 1365 2409 1424 καὶ
2448 1363 2900 1443 προσκυνεῖσθαι

471 1463 628 1542 παρὰ
659 1461 851 1539 πάσης
883 1466 985 1539 τῆς
1016 1463 1261 1526 κτίσεως.
1308 1461 1440 1522 οὐδὲ
1474 1462 1587 1544 γὰρ
1626 1461 1698 1523 ἂν
1739 1461 1773 1522 ὅ
1819 1463 1946 1526 θεὰς
1989 1461 2164 1526 οὕτως
2195 1461 2392 1526 ἅπλῶς
2441 1461 2534 1522 καὶ
2572 1458 2702 1522 ἄνευ
2746 1459 2898 1523 τινὰς

472 1562 761 1640 χρησίμου
788 1560 970 1644 λόγου
996 1561 1291 1640 ἄνθρωπον
1315 1563 1422 1640 μὲν
1451 1563 1784 1648 ἐλάμβανεν
1819 1562 1912 1621 καὶ
1950 1560 2089 1638 ἥνου
2128 1561 2269 1640 πρός
2309 1559 2524 1634 εἀυτόν,
2564 1561 2896 1636 προσκυνεῖ-

474 1659 615 1719 σθαι
639 1659 793 1736 παρὰ
819 1661 919 1735 τῆς
948 1658 1179 1722 κτίσεως
1204 1657 1644 1735 παρασκεύαζων
1669 1656 1916 1734 ἁπάσης,
1945 1657 2044 1722 ταῖς
2077 1658 2140 1718 δέ
2169 1683 2235 1740 γε
2262 1659 2466 1733 νοητὰς
2494 1656 2696 1734 φύσεις
2719 1681 2897 1734 προσ-

478 1760 659 1818 κυνεῖν
692 1757 948 1832 ἑδικαίου,
983 1761 1031 1818 εἶ
1054 1757 1136 1836 μὴ
1163 1757 1236 1818 τὰ
1259 1759 1391 1835 περὶ
1417 1755 1586 1819 usn-<320
1611 1756 1892 1840 γεγονότα
1933 1757 2090 1834 κοινή
2131 1756 2324 1835 πάσης
2361 1755 2433 1833 ἦν
2467 1754 2758 1838 εὐεργεσία
2795 1760 2899 1831 τῆς

376 1877 401 1916 1
412 1878 449 1916 0
479 1855 726 1920 κτίσεως.

482 2057 533 2097 2.
624 2037 861 2121 [Leont.
921 2040 958 2098 l.
1018 2059 1057 2099 c.
1116 2039 1201 2115 (ἐκ
1246 2040 1348 2098 τοῦ
1392 2035 1564 2098 αὐτοῦ
1618 2035 1838 2118 λόγου).
1927 2039 2061 2098 Act.
2123 2039 2314 2099 Cone.
2375 2038 2496 2098 CP.
2555 2034 2614 2096 ii.
2677 2051 2756 2093 ιν.
2822 2051 2899 2111 54

644 2135 706 2213 (“
726 2136 993 2197 eiusdem
1027 2135 1335 2199 Theodori
1376 2156 1451 2197 ex
1494 2148 1708 2216 quarto
1750 2135 1988 2198 decimo
2028 2135 2182 2198 libro
2226 2135 2492 2198 eiusdem
2533 2133 2806 2214 opusculi
2821 2132 2896 2211 ⁹⁹).

642 2232 775 2312 Vig.
811 2252 843 2312 5
852 2231 933 2316 5].

561 2345 744 2407 Ταῦτό
800 2347 859 2408 δὲ
902 2350 1069 2408 τοῦτο
1118 2346 1384 2425 φήσομεν
1426 2345 1649 2410 δικαίως

484 2444 578 2504 καὶ
620 2443 716 2503 ἐπὶ
762 2447 862 2504 τοῦ
908 2444 1115 2522 κυρίου,
1159 2443 1247 2504 ὅτι
1292 2468 1399 2522 περ
1442 2441 1475 2502 ὅ
1518 2442 1648 2507 θεός

483 2541 661 2624 λόγος
688 2540 1059 2620 ἐπιστάμενος
1091 2540 1262 2601 αὐτοῦ
1286 2540 1391 2618 τήν
1418 2539 1644 2619 ἀρετήν,

485 2641 580 2699 καὶ
615 2637 685 2715 δὴ
722 2638 865 2698 κατὰ
888 2638 1218 2719 πρόγνωσιν
1244 2638 1402 2701 εΰθὺς
1428 2636 1642 2699 ἄνωθεν

384 2758 407 2796 1
422 2754 453 2815 5
486 2740 546 2796 ἐν
571 2739 645 2815 τῇ
670 2739 773 2811 τῆς
800 2733 1156 2798 διαπλάσεως
1180 2732 1331 2812 ἅρχῇ
1359 2735 1655 2810 ἐνοικῆσαί

485 2857 551 2892 τε
577 2830 883 2908 εὐδοκήσας
910 2831 1005 2890 καὶ
1030 2828 1239 2894 ἕνῶσας
1264 2829 1435 2889 αὖτόν
1474 2832 1648 2909 ἑαυτῷ

483 2934 556 3009 τῇ
597 2929 801 3009 σχέσει
839 2931 940 3006 τῆς
980 2928 1224 3011 γνώμης,
1256 2926 1488 3005 μείζονά
1522 2952 1648 2987 τινα

485 3030 751 3105 παρεῖχεν
791 3024 935 3105 αὐτῷ
972 3023 1079 3101 τήν
1117 3025 1302 3105 χάριν,
1342 3022 1414 3089 οἷς
1439 3030 1542 3101 τῆς
1569 3026 1648 3087 εἷς

486 3125 659 3187 αὐτόν
697 3124 928 3206 χάριτος
969 3128 1048 3189 εἷς
1090 3123 1302 3188 πάντας
1342 3123 1474 3187 τοὺς
1519 3122 1650 3199 ε’ἥς

385 3245 460 3285 20
488 3222 967 3301 διαδοθησομένης
994 3220 1330 3300 ἅνθρῶπους.
1404 3221 1535 3282 ὅθεν
1554 3221 1652 3280 καὶ

486 3321 593 3398 τήν
618 3321 749 3399 περὶ
781 3319 855 3380 τοὶ
892 3318 1043 3381 καλσῖ
1079 3318 1354 3399 πρόθεσιν
1390 3318 1653 3397 ἀκέραιον

488 3420 635 3498 αὐτῷ
662 3419 1039 3495 διεφύλαττεν.

570 3518 636 3576 οὗ
673 3515 787 3599 γὰρ
826 3514 896 3593 δὴ
934 3519 1103 3577 τοῦτο
1136 3514 1405 3592 φήσομεν
1430 3513 1519 3574 ὅτι
1544 3537 1654 3591 περ

490 3613 524 3676 ὅ
560 3612 849 3691 ἅνθρωπος
887 3612 1162 3690 πρόθεσιν
1195 3611 1347 3691 εἶχεν
1372 3608 1650 3686 οὓδεμίαν,

389 3730 420 3769 2
428 3726 461 3787 5
492 3710 625 3773 ἀλλ’
670 3710 762 3771 ὅτι
814 3711 1175 3787 προῦτεθεῖτο
1228 3710 1333 3785 μὲν
1387 3710 1534 3786 αὐτῷ
1584 3705 1658 3768 ‘ro‘

493 3808 698 3871 καλόν·
736 3812 967 3886 μᾶλλον
1010 3806 1069 3868 δὶ
1108 3806 1359 3882 πλείστη
1384 3802 1531 3884 αὐτῷ
1555 3807 1658 3881 τῆς

493 3906 635 3966 κατὰ
654 3904 928 3982 πρόθεσιν
946 3904 1175 3982 προσῆν
1192 3899 1231 3978 ἥ
1256 3925 1321 3963 τε
1346 3904 1449 3960 τοῦ
1476 3902 1657 3959 καλοῦ

470 4001 713 4085 ’στοργὴ
767 4002 863 4061 καὶ
903 4000 971 4062 τὸ
1012 4003 1114 4060 τοῦ
1157 3998 1407 4060 ἐναντίου
1446 3999 1656 4075 μῖσος·

492 4100 896 4179 διεφυλάττετο
938 4098 998 4159 δὲ
1044 4096 1191 4177 αὐτῷ
1240 4094 1315 4156 τοὶ
1366 4098 1469 4173 τῆς
1522 4121 1656 4174 προ-

390 4220 467 4276 30
495 4197 703 4262 θέσεως
742 4196 974 4275 ἀκέραια
1012 4194 1123 4257 frmi
1162 4197 1265 4271 τῆς
1303 4194 1457 4258 θείας
1490 4192 1649 4275 χάρι-

1827 2346 2004 2407 Idem
2053 2348 2172 2408 hoc
2214 2346 2485 2409 dicemus
2525 2345 2681 2407 iuste
2720 2356 2781 2406 et
2821 2344 2904 2406 de

1745 2445 2033 2521 Domino,
2046 2448 2217 2525 quod
2231 2448 2694 2519 DeusVerbum,
2706 2444 2902 2506 sciens

1743 2542 1873 2603 eius
1913 2541 2209 2618 virtutem,
2255 2555 2318 2604 et
2355 2544 2693 2604 secundum
2737 2560 2903 2619 prae-

1743 2636 2056 2697 scientiam
2084 2638 2286 2699 statim
2306 2638 2370 2697 in
2396 2638 2531 2715 ipso
2550 2636 2722 2698 initio
2743 2656 2908 2698 com·

1741 2736 2155 2813 plasmationis
2165 2737 2497 2798 inhabitare
2513 2738 2671 2797 bene
2692 2736 2900 2811 uoluit,

1743 2843 1804 2892 et
1839 2833 2052 2893 uniens
2095 2852 2234 2895 eum
2275 2832 2389 2893 sibi
2432 2834 2650 2892 affectu
2693 2834 2908 2892 uolun-

1743 2928 1881 2989 tatis
1911 2929 2196 2990 maiorem
2232 2930 2536 3007 quandam
2565 2930 2904 3006 praestabat

1743 3028 1798 3087 ei
1838 3025 2105 3105 gratiam,
2151 3039 2362 3105 utpote
2401 3026 2588 3105 gratia
2629 3046 2784 3103 quae
2839 3028 2904 3087 in

1743 3144 1882 3186 eum
1933 3137 2023 3186 est
2067 3125 2131 3186 in
2180 3146 2390 3187 omnes
2437 3124 2713 3186 homines
2759 3124 2908 3186 diui·

1745 3222 1962 3283 denda.
2049 3222 2211 3283 unde
2239 3233 2300 3283 et
2327 3220 2485 3282 circa
2511 3224 2675 3283 bona
2697 3224 2908 3283 uolun-

1746 3330 1931 3381 tatem
1954 3319 2242 3399 integram
2265 3320 2320 3381 ei
2339 3320 2730 3382 custodiebat.
2777 3339 2904 3382 non

1745 3416 1907 3477 enim
1947 3417 2098 3479 haec
2138 3417 2427 3492 dicemuS‚
2464 3419 2630 3495 quod
2666 3416 2767 3479 ille
2799 3418 2906 3478 ho-

1746 3534 1849 3575 mo
1905 3516 2277 3575 uoluntatem
2339 3514 2602 3576 habebat
2662 3515 2904 3588 nullam,

1747 3614 1857 3674 sed
1897 3614 2065 3691 quod
2108 3614 2352 3674 uolebat
2380 3612 2623 3691 quidem
2655 3614 2904 3687 bonum,

1747 3711 1936 3789 magis
1989 3722 2194 3773 autem
2239 3712 2294 3773 ei
2348 3710 2680 3774 uoluntarie
2733 3710 2911 3790 pluri-

1749 3828 1914 3868 mum
1943 3810 2151 3870 aderat
2193 3820 2254 3870 et
2281 3809 2427 3871 boni
2457 3808 2816 3871 desiderium
2845 3822 2908 3873 et

1749 3906 2026 3967 contrarii
2044 3904 2266 3967 odium.
2326 3909 2788 3968 conseruabatur
2807 3927 2910 3969 ue·

1749 4022 1818 4063 ro
1884 4022 1922 4063 a
1977 4002 2186 4065 diuina
2247 4002 2436 4081 gratia
2489 4004 2576 4064 illi
2627 4006 2910 4066 uoluntas

1749 4098 1980 4176 integra
2021 4100 2100 4161 ab
2143 4099 2336 4177 initio,
2383 4104 2521 4163 Deo
2562 4100 2754 4179 qualis
2798 4101 2910 4163 erit

1749 4194 2043 4257 subtiliter
2088 4196 2332 4273 sciente,
2381 4197 2488 4274 qui
2535 4210 2596 4261 et
2643 4198 2724 4259 ad
2765 4218 2910 4261 con-

493 4298 607 4369 τος,
643 4294 851 4357 ἄνωθεν
885 4300 989 4357 τοῦ
1010 4296 1143 4357 θεοῦ
1170 4291 1366 4356 ὁποῖός
1390 4317 1476 4356 τις
1502 4292 1662 4353 ἐστὶν
1752 4294 1878 4353 firm
1886 4294 2111 4353 andum
2157 4314 2298 4357 eum
2347 4314 2628 4375 magnam
2681 4294 2768 4357 illi
2814 4316 2914 4358 co-

698 4472 750 4506 11
784 4454 1001 4504 dicimus
1032 4456 1087 4503 V

1344 4470 1361 4503 ι
1372 4470 1397 4517 5
1435 4455 1724 4505 cohabitare
1759 4456 1810 4503 V

2062 4472 2121 4507 ἰα
2157 4458 2254 4507 hoc
2289 4458 2368 4525 Vl
2393 4458 2632 4511 docemus
2659 4462 2705 4511 C
