3250 5025
546 385 672 465 306
1520 398 1905 448 APPENDIX
1953 398 2018 452 A.

546 573 650 647 τῆς
664 570 923 647 υἱότητος
942 569 1254 653 ἐλέγχεται,
1272 569 1498 647 ἐπείπερ
1518 567 1712 648 χάριτι
1809 567 2110 632 filiationis
2131 568 2521 644 conuincitur,
2543 569 2825 647 quoniam
2843 589 2969 648 gra-

547 669 641 728 καὶ
684 668 850 734 αὐτὸς
889 671 1237 750 μετέσχηκεν
1276 672 1381 744 τῆς
1433 666 1708 744 υἱότητος,
1809 667 1892 727 tia
1920 678 1979 726 et
2017 666 2144 744 ipse
2176 667 2474 744 particeps
2508 667 2618 727 suit
2651 667 2968 738 filiationiS,

550 769 616 827 οὔ
671 770 925 844 φυσικῶς
978 771 1041 827 ἐκ
1092 770 1194 827 τοῦ
1246 765 1463 844 πατρὸς
1520 791 1712 847 γεγεν-
1810 783 1935 825 non
1964 764 2307 825 naturaliter
2333 785 2409 826 ex
2439 768 2612 824 Patre
2649 776 2842 837 natus,
2871 763 2971 823 ha·

550 862 804 940 νημένος,
878 865 1019 944 ἔχων
1088 863 1281 940 μέντοι
1356 861 1514 940 παροῖ
1582 862 1712 925 τοὺς
1809 863 1960 922 bens
2010 873 2214 922 tamen
2269 863 2344 922 ad
2396 872 2626 921 ceteros
2682 861 2970 921 excellen-

487 964 520 1025 5
552 961 784 1024 λοιποὺς
824 958 928 1037 τὴν
974 958 1277 1040 ὑπεροχήν,
1320 957 1409 1020 ὅτι
1452 961 1523 1038 τῇ
1570 956 1712 1034 πρὸς
1811 958 1974 1031 tiam,
2014 958 2156 1035 quia
2198 959 2424 1019 unitate
2467 960 2548 1019 ad
2591 957 2787 1035 ipsum
2830 955 2972 1016 filia-

550 1059 721 1120 αὐτὰν
761 1060 956 1120 ἐνόσει
998 1062 1260 1135 κέκτηται
1298 1058 1402 1135 τὴν
1448 1057 1711 1134 υἷότητα·
1811 1057 2040 1116 tionem
2081 1057 2387 1134 possidet3
2445 1058 2614 1134 quod
2656 1057 2711 1116 ei
2755 1056 2971 1116 firmio-

548 1157 582 1219 ὃ
625 1158 693 1235 δὴ
734 1159 1057 1237 κυριοτέραν
1084 1160 1231 1237 αὗτῷ
1254 1161 1355 1218 τοῦ
1380 1157 1713 1239 πράγματος
1809 1175 1935 1215 rem
1978 1154 2164 1233 ipsius
2213 1155 2296 1216 rei
2340 1158 2528 1216 donat
2570 1154 2972 1232 participatio-

548 1255 838 1334 χαρίζεται
862 1254 965 1332 τήν
990 1255 1312 1332 μετουσίαν.
1811 1272 1967 1312 nem.

1134 1438 1189 1494 8.
1275 1431 1511 1515 [Leont.
1543 1435 1582 1492 l.
1616 1453 1656 1493 c.
1695 1431 1783 1512 (ἐκ
1811 1436 1912 1492 τοῦ
1940 1432 2112 1494 αὐτοῦ
2139 1432 2383 1517 λόγου)].

686 1563 783 1630 Καὶ
855 1566 1125 1630 καλέσειε
1184 1563 1259 1628 τό
1320 1564 1523 1628 duona
1581 1562 1750 1646 αῩτῴ
1799 1563 2057 1640 ἸΗοοῨΝ.
2153 1561 2335 1639 οἶτος
2397 1565 2554 1629 ἔσται
2614 1567 2816 1639 merae,
2881 1561 2970 1627 καὶ

451 1693 523 1731 10
552 1663 677 1742 γῖὀο
736 1665 985 1744 Ῠψίετογ
1040 1669 1476 1731 maedewan*
1564 1671 1684 1730 ἰδοὺ
1715 1673 1904 1732 τοίνυν
1933 1671 2082 1736 ὅπως
2121 1673 2223 1735 τόν
2263 1678 2323 1734 ἐκ
2363 1673 2590 1752 Μαρίας
2622 1670 2973 1754 εὐαγγελιζό-

548 1801 719 1852 μενος
760 1777 947 1853 τόκον,
994 1775 1137 1836 κατὰ
1178 1774 1367 1864 σάρκα
1405 1775 1601 1857 λέγων,
1643 1777 1738 1834 καὶ
1769 1771 2007 1846 ἸΗΕΟῨΝ
2053 1779 2161 1854 μὲν
2203 1777 2372 1838 αύτόν
2414 1779 2695 1854 κληθῆναι
2739 1775 2972 1850 κελεύει,

554 1879 725 1938 ‘vffiv'
752 1877 815 1938 δὲ
840 1871 1085 1952 Ῡψῖετογ
1120 1877 1519 1954 κληθήσεσθαι
1545 1881 1936 1961 προαγορεύει·
1979 1878 2218 1943 εἰκότως·
2257 1883 2325 1941 τὸ
2350 1884 2456 1959 μὲν
2479 1883 2708 1958 τεθῆναι
2730 1882 2975 1942 κελεύων

552 1975 625 2041 ὥς
666 1977 1056 2058 προσηγορίαν
1100 1981 1202 2035 τοῦ
1250 1974 1595 2051 τικτομένου,
1645 1974 1711 2037 τὸ
1759 1975 1820 2034 δὲ
1869 1975 2268 2052 κληθήσεσθαι
2320 1977 2730 2061 προαγορεύων,
2781 1977 2974 2056 ἐπειδή

553 2079 721 2152 τιμῆς
745 2071 815 2150 ἦν
841 2073 1147 2150 σύμβολον
1172 2071 1241 2132 ro*
1267 2070 1445 2150 ὄνομα
1471 2069 1542 2149 ἢν
1570 2071 1696 2148 ἑξῆς
1725 2073 2002 2149 ἐβεβαίου
2027 2080 2129 2133 τοῦ
2155 2073 2488 2157 πράγματος
2512 2075 2550 2152 ἡ
2577 2079 2866 2152 μετουσία.

1121 2277 1173 2334 9.
1268 2254 1508 2337 [Leont.
1540 2257 1582 2315 l.
1610 2275 1650 2315 c.
1685 2255 1778 2336 (ἐκ
1805 2259 1905 2315 τοῦ
1932 2255 2106 2318 αὐτοῦ
2134 2256 2382 2341 λόγου)].

456 2403 479 2440 1
493 2399 523 2458 5
678 2381 873 2456 Δῆλον
910 2379 973 2439 δὲ
1006 2376 1097 2439 ὅτι
1128 2404 1237 2456 περ
1273 2383 1334 2439 ε’ν
1369 2382 1442 2458 τῇ
1467 2381 1576 2438 τῶν
1606 2378 1839 2455 φύσεων
1867 2380 2144 2459 διακρίσει
2170 2379 2392 2446 πάντως
2417 2380 2556 2460 ἤμῖν
2583 2383 2974 2460 ἔπιτετήρηται

554 2475 621 2538 τὸ
667 2475 888 2537 εἰδέναι·
949 2475 1021 2541 ὥς
1065 2475 1101 2536 ὅ
1146 2479 1251 2553 μὲν
1295 2477 1422 2539 Oeae
1470 2473 1645 2557 λόγος
1694 2477 1836 2537 κατὰ
1882 2475 1988 2555 τήν
2041 2478 2294 2556 φυσικὴν
2346 2479 2616 2563 γέννησιν
2661 2480 2780 2544 υἱός
2833 2479 2976 2541 εἶναι

553 2575 799 2656 λέγεται,
849 2572 882 2635 ὅ
928 2574 986 2634 δὲ
1030 2572 1341 2650 ἅνθρωπος,
1392 2577 1593 2653 πολλῷ
1634 2599 1704 2656 γε
1744 2574 1998 2652 μείζονος
2035 2575 2212 2654 οὔσης
2251 2576 2288 2654 ἦ
2333 2576 2456 2639 κατ’
2499 2578 2671 2639 αὐτ-δν
2713 2585 2816 2640 τοῦ
2852 2579 2974 2638 υἱοῦ

555 2676 656 2748 τῆς
681 2670 839 2743 ἀξίας
864 2668 1174 2731 ἀπολαύειν
1201 2669 1294 2731 διδ.
1321 2669 1425 2747 τήν
1450 2669 1593 2749 τρός
1619 2674 1830 2730 ἐκεῖνον
1857 2670 2185 2748 συνάφειαν.

806 2871 894 2909 10.
986 2852 1122 2911 Fac.
1157 2850 1233 2911 ix.
1268 2870 1303 2927 3
1336 2852 1399 2931 (“
1418 2852 1481 2911 in
1510 2851 1874 2913 duodecimo
1903 2852 2190 2929 praedicti
2218 2852 2415 2929 operis
2443 2851 2594 2911 libro
2615 2848 2723 2932 ’')].

676 2961 737 3021 Si
780 2980 925 3021 uero
967 2960 1180 3038 aliquis
1221 2960 1583 3039 interrogare
1625 2964 1882 3023 uoluerit
1924 2962 2070 3040 quid
2108 2964 2353 3024 tandem
2381 2982 2512 3023 esse
2540 2962 2736 3023 dicam
2769 2964 2970 3023 Iesum

456 3090 530 3129 20
558 3058 879 3131 Christum,
909 3059 1049 3118 dico
1074 3080 1088 3118 ε
1132 3063 1147 3092 ‘
1169 3060 1373 3119 Deum
1403 3070 1463 3119 et
1492 3058 1706 3119 Filium
1739 3059 1891 3119 Dei!

1588 3277 1770 3336 Boox
1811 3294 1950 3341 x111.

566 3433 612 3471 1.
707 3408 949 3493 [Leont.
978 3410 1017 3471 l.
1048 3431 1088 3471 c.
1122 3409 1212 3491 (ἐκ
1252 3414 1355 3469 τοῦ
1398 3407 1482 3485 ιβ’
1508 3405 1628 3489 [sic,
1661 3406 1814 3490 Mai]
1846 3405 2060 3489 λόγου).
2147 3412 2279 3469 Act.
2315 3409 2503 3471 Cone.
2537 3410 2656 3470 CP.
2691 3407 2746 3467 ii.
2782 3424 2858 3469 ιν.
2894 3425 2970 3485 53

719 3507 781 3576 (“
804 3507 1073 3569 eiusdem
1098 3526 1175 3568 ex
1202 3504 1355 3567 libro
1382 3504 1622 3565 decimo
1651 3503 1828 3565 tertio
1857 3506 1936 3566 de
1967 3502 2475 3583 Incarnatione'').
2551 3503 2681 3581 Vig.
2711 3520 2801 3581 54
2877 3503 2968 3563 Cf.

718 3606 968 3679 Sachau,
997 3626 1056 3683 p.
1090 3624 1123 3683 5
1131 3603 1209 3688 3].

679 3736 1093 3800 Consonantia
1121 3747 1324 3797 autem
1352 3745 1412 3796 et
1441 3736 1750 3812 apostolus
1781 3734 1976 3797 dicet:
2015 3745 2073 3796 et
2109 3736 2406 3815 manifeste
2447 3751 2720 3811 magnum
2749 3738 2832 3790 est
2853 3732 2976 3807 pie-

552 3837 696 3896 tatis
734 3838 1066 3913 mysterium

644 3937 717 4000 δε
783 3932 1163 4020 ἐφακερώθιι
1224 3931 1295 3997 ἐκ
1359 3928 1538 4015 εαρκῖ,
1600 3930 1718 3995 ἑὸι-
1897 3937 2010 4010 qui
2062 3934 2462 4010 manifestatus
2519 3938 2606 3990 est
2660 3931 2723 3988 in
2784 3947 2972 4002 carne,

561 4040 790 4105 καιώθΗ
858 4040 928 4104 ἐκ
998 4041 1367 4113 πΝεΫΜατιῚ·
1446 4033 1720 4094 δεδικαιῶ-
1819 4033 2162 4109 iustzficatus
2197 4038 2282 4090 est
2314 4031 2376 4089 t‘n
2417 4030 2699 4105 Spiritu,·
2743 4024 2976 4085 ‘iustifi-

457 4176 527 4235 ²5
558 4149 697 4209 σθαι
733 4144 804 4208 ἐκ
840 4145 1137 4216 ΠΝΕΫΜΔΤΙ
1171 4145 1354 4227 λέγων
1390 4143 1574 4219 αὖτόν,
1608 4146 1719 4206 εἴτε
1819 4130 2051 4193 catum,
2109 4148 2242 4191 esse
2306 4128 2402 4188 ‘in
2461 4126 2712 4205 SPffitU’
2769 4122 2975 4184 dicens

557 4245 631 4309 ὥς
676 4244 787 4323 πρὸ
836 4247 937 4304 τοῦ
984 4242 1388 4322 βαπτίσματος
1432 4241 1579 4321 μετὰ
1622 4245 1724 4318 τῆς
1823 4238 2018 4314 ipsum
2057 4235 2184 4294 siue
2223 4233 2388 4311 quod
2429 4242 2568 4293 ante
2611 4229 2976 4308 baptismum

1123 4397 1181 4432 ἠ
1218 4382 1354 4447 quod
1380 4382 1752 4432 manifestatum
1775 4386 1888 4428 est..
1917 4375 2236 4427 iustificatum
2259 4380 2333 4423 est
2371 4373 2420 4421 V

1156 4486 1181 4511 ¹*
1221 4486 1273 4537 S.
1301 4486 1445 4535 Luke
1468 4488 1503 4535 i.
1530 4500 1609 4549 31,
1641 4500 1720 4549 3²·
1918 4480 1952 4535 †
1992 4498 2010 4531 1
2039 4480 2174 4529 Tim.
2199 4478 2269 4528 iii.
2301 4476 2375 4529 16.
