3250 5025
398 389 849 444 FRAGMENTS
898 395 991 445 OF
1038 393 1191 445 THE
1236 395 1628 447 DOGMATIC
1677 397 1944 448 WORKS
1993 399 2086 448 OF
2132 398 2555 449 THEODORE.
2635 401 2752 466 291

1416 569 1601 630 Boox
1645 571 1684 629 i.

862 701 908 744 1.
1004 677 1159 766 [Act
1195 685 1381 746 Cone.
1418 687 1537 747 CP.
1571 685 1625 744 ii.
1663 703 1739 745 ιν.
1779 703 1870 764 ²5·
1955 684 2084 764 Vig.
2125 683 2240 768 26].

462 794 628 857 Sicut
683 794 859 874 igitur
906 816 1015 874 per
1052 796 1397 857 huiusmodi
1436 797 1878 858 consessionem
1922 817 2046 858 non
2089 797 2325 860 deitatis
2374 800 2760 861 Nathanael*

340 892 570 954 habens
640 895 949 956 scientiam
1020 894 1669 954 ostenditur—Iudaei
1739 907 1800 954 et
1862 897 2185 956 Samaritae
2254 896 2394 957 talia
2455 908 2761 974 sperantes

341 989 662 1064 plurimum
701 1002 989 1068 quantum
1032 991 1150 1050 Dei
1184 990 1370 1050 Verbi
1402 1009 1440 1049 a
1481 990 1731 1051 scientia
1771 993 1950 1069 longe
1993 992 2328 1052 erant—sic
2370 1003 2432 1053 et
2475 995 2756 1067 Martha†

340 1103 446 1162 per
486 1087 925 1147 confessionem
970 1086 1132 1146 illam
1174 1106 1299 1146 non
1350 1085 1586 1147 deitatis
1635 1089 1866 1148 habens
1917 1099 2058 1148 tunc
2107 1088 2416 1149 scientiam
2457 1091 2757 1167 probatur,

341 1183 653 1246 manifeste
701 1197 905 1246 autem
954 1205 1070 1246 nec
1111 1187 1323 1246 beatus
1368 1187 1642 1263 Petrusss.
1726 1187 1927 1247 adhuc
1969 1186 2189 1247 etenim
2239 1185 2383 1266 ipsis
2432 1184 2761 1246 sufficiebat

340 1292 486 1341 tunc
541 1283 968 1344 reuelationem
1020 1283 1179 1344 illam
1232 1283 1695 1361 suscipientibus
1743 1284 2132 1362 praecipuum
2183 1284 2410 1362 aliquid
2459 1297 2521 1346 et
2571 1285 2760 1345 maius

342 1383 418 1442 de
467 1383 599 1460 ipso
649 1393 885 1460 praeter
933 1393 1268 1443 ceterorum
1318 1382 1634 1442 hominum
1684 1383 2064 1460 phantasiam
2122 1382 2411 1460 accipere.
2498 1393 2636 1460 post
2676 1402 2763 1442 re-

339 1479 769 1540 surrectionem
806 1492 1005 1540 autem
1050 1478 1269 1557 Spiritu
1299 1479 1575 1558 perducti
1612 1481 1690 1540 ad
1720 1479 2050 1554 scientiam,
2084 1490 2230 1540 tunc
2271 1491 2332 1540 et
2377 1478 2762 1540 reuelationis

337 1575 658 1651 perfectam
689 1577 998 1637 scientiam
1028 1577 1449 1654 suscipiebant,
1473 1589 1538 1636 ut
1568 1576 1785 1638 scirent
1807 1577 1947 1656 quia
1967 1577 2355 1655 praecipuum
2385 1576 2499 1654 ipsi
2526 1587 2762 1654 praeter

338 1682 569 1732 ceteros
618 1672 895 1734 homines
944 1694 1067 1734 non
1116 1674 1320 1752 aliquo
1376 1695 1527 1752 puro
1573 1676 1802 1736 honore
1852 1696 1926 1736 ex
1975 1677 2112 1736 Deo
2161 1673 2454 1754 peruenit,
2501 1674 2655 1735 sicut
2697 1673 2755 1734 in

338 1770 551 1829 ceteris
579 1769 938 1843 hominibuS,
967 1771 1075 1831 sed
1101 1790 1210 1848 per
1236 1771 1527 1832 unitatem
1556 1774 1636 1832 ad
1666 1775 1869 1832 Deum
1898 1772 2182 1848 Verbum,
2210 1791 2317 1851 per
2345 1791 2525 1850 quam
2563 1770 2760 1834 omnis

336 1865 581 1927 honoris
611 1866 666 1928 ei
691 1869 989 1946 particeps
1019 1880 1107 1928 est
1134 1879 1272 1946 post
1299 1868 1362 1927 in
1392 1871 1590 1929 caelos
1618 1888 1948 1929 ascensum.

397 2035 447 2073 2.
536 2013 691 2095 [Act.
727 2019 913 2078 Cone.
944 2019 1066 2078 CP.
1102 2015 1156 2077 ii.
1192 2033 1269 2076 xv.
1309 2019 1383 2076 26
1413 2015 1475 2095 (“
1499 2016 1766 2078 eiusdem
1799 2018 1876 2078 de
1902 2015 2390 2095 interpretatione
2415 2015 2712 2096 euangelii

742 2113 895 2174 libro
923 2115 1117 2191 primo
1135 2115 1193 2189 ;''
1235 2116 1309 2175 cf.
1344 2113 1663 2186 Fritzsche‚
1693 2115 1760 2174 de
1789 2135 1843 2174 u.
1874 2123 1928 2173 et
1949 2134 2076 2190 scr„
2106 2134 2164 2192 p.
2201 2113 2352 2196 89)].

461 2227 803 2287 Matthaeus
822 2227 1063 2305 quidem
1093 2225 1456 2305 euangelista
1480 2238 1619 2305 post
1647 2225 2068 2304 temptationes
2097 2225 2241 2288 dicit
2267 2229 2434 2303 quod
2460 2229 2762 2288 accedentes·

336 2325 531 2400 angeli
567 2325 985 2384 minis-trabant
1014 2328 1071 2383 ei
1082 2328 1126 2400 ἓ,
1157 2324 1384 2385 scilicet
1421 2344 1559 2384 cum
1590 2344 1665 2384 eo
1693 2323 1998 2384 constituti
2037 2335 2096 2385 et
2129 2338 2521 2402 cooperantes
2550 2336 2610 2386 et
2637 2345 2762 2385 om-

339 2421 516 2481 nibus
545 2419 701 2481 circa
734 2440 872 2482 eum
903 2423 1038 2482 Deo
1067 2421 1484 2495 ministranteS,
1515 2423 1682 2500 quod
1713 2421 1829 2482 iam
1858 2442 1964 2500 per
1992 2411 2316 2484 certamina
2343 2425 2421 2484 ad
2449 2423 2755 2484 diabolum

339 2529 617 2580 ostensus
645 2532 735 2581 est
771 2518 993 2580 clarior.
1082 2522 1190 2581 sed
1232 2531 1295 2581 et
1334 2522 1500 2597 quod
1548 2540 1799 2597 passuro
1847 2520 1903 2581 ei
1939 2524 2187 2582 aderant
2220 2520 2432 2599 angeli,
2469 2541 2542 2582 ex
2583 2542 2760 2583 euan-

336 2612 505 2692 geliis
535 2613 819 2675 discimus
844 2642 859 2687 ;
900 2626 961 2676 et
989 2635 1125 2675 cum
1156 2615 1481 2689 resurrexit,
1515 2614 1575 2675 in
1608 2627 2003 2679 monumento
2031 2617 2144 2678 uisi
2173 2628 2326 2679 sunt.
2412 2638 2520 2695 per
2557 2618 2760 2679 omnia

338 2713 561 2774 etenim
606 2712 719 2773 ista
762 2714 1202 2773 monstrabatur
1247 2711 1502 2791 dignitas
1558 2712 1798 2786 Christi,
1846 2716 2010 2791 quod
2064 2712 2396 2792 inseparate
2451 2714 2506 2774 ei
2561 2715 2758 2794 angeli

336 2811 603 2881 aderant,
642 2822 703 2871 et
744 2810 1023 2870 omnibus
1064 2808 1221 2869 circa
1262 2829 1398 2870 eum
1428 2808 1857 2871 ministrabant.
1943 2809 2095 2871 sicut
2121 2810 2281 2871 enim
2309 2832 2347 2871 a
2372 2813 2757 2889 peccantibus

334 2918 697 2984 separantur,
745 2907 831 2967 fic
879 2918 939 2967 et
984 2926 1089 2984 per
1142 2906 1419 2968 meritum
1472 2906 1779 2967 honoratis
1833 2907 2210 2968 subueniunt.
2296 2919 2540 2986 propter
2592 2911 2758 2985 quod

334 3007 492 3066 bene
534 3006 834 3065 Dominus
876 3003 961 3064 ait
1001 3005 1167 3080 quod
1211 3004 1432 3064 ‘maius
1473 3002 1780 3065 uidebitis’
1826 3016 1887 3065 et
1929 3006 2093 3083 quod
2144 3010 2160 3040 ‘
2181 3007 2414 3066 caelum
2462 3004 2758 3082 aperietur

334 3102 615 3162 omnibus
655 3121 761 3179 per
801 3120 917 3174 me,
948 3112 1009 3162 et
1049 3119 1260 3161 omnes
1301 3099 1499 3179 angeli
1540 3120 1776 3179 semper
1817 3120 2054 3161 mecum
2095 3114 2286 3175 erunt,
2324 3121 2485 3162 nunc
2512 3100 2755 3180 quidem

335 3200 727 3259 ascendentes
787 3218 949 3259 nunc
992 3218 1135 3259 uero
1182 3200 1619 3260 descendentes
1630 3200 1705 3273 ’ξ’
1751 3200 1905 3261 sicut
1951 3200 2030 3259 ad
2073 3199 2472 3260 domesticum
2523 3198 2640 3262 Dei
2695 3210 2756 3263 et

334 3314 609 3356 amicum.

1398 3438 1577 3498 3001<
1620 3456 1687 3500 11.

419 3556 577 3640 [Act.
611 3560 799 3620 Cone.
834 3559 952 3619 CP.
984 3556 1039 3617 ii.
1076 3575 1155 3619 ιν.
1187 3578 1285 3635 49,
1308 3576 1407 3636 50.
1491 3578 1547 3619 v.
1582 3558 1720 3639 (“in
1749 3558 2070 3621 Antiochia
2097 3559 2301 3639 Syriae
2328 3558 2392 3620 in
2421 3559 2677 3621 ecclesia

1074 3656 1507 3734 adloquens’').
1592 3656 1727 3735 Vig.
1763 3674 1859 3735 50,
1893 3654 2014 3739 51].

458 3780 671 3839 Homo
715 3778 904 3841 IesuS.
988 3782 1137 3857 quid
1167 3786 1252 3839 att
1286 3768 1449 3841 enim
1486 3781 1668 3854 homo,
1699 3782 1856 3857 quod
1877 3799 2161 3840 memores
2185 3782 2394 3855 eiu-511?
2446 3785 2754 3859 apostolus

332 3891 537 3941 autem
566 3880 643 3940 de
674 3881 815 3940 Iesu
855 3878 1085 3939 dictum
1127 3878 1308 3938 fuisse
1346 3878 1465 3939 hoc
1502 3878 1687 3938 dixit:
1727 3898 1854 3939 eum
1895 3878 2055 3939 enim
2099 3880 2206 3955 qui
2225 3879 2412 3955 paulo
2452 3882 2645 3939 minus
2683 3881 2757 3939 ab

333 3979 555 4055 angelis
595 3978 915 4039 minoratus
940 3984 1024 4036 est
1050 3978 1325 4049 ualemus,
1354 3975 1566 4055 inquit,
1596 3980 1789 4038 Iesum
1800 3977 1868 4037 ἿῘ.
1943 3977 2088 4055 quid
2117 3994 2256 4054 ergo
2273 3978 2302 4035 ?
2367 3978 2555 4038 homo
2584 3980 2755 4039 Iesus

332 4073 605 4135 similiter
642 4073 924 4135 omnibus
961 4072 1323 4143 hominibus,
1361 4072 1509 4133 nihil
1553 4074 1835 4135 differens
1882 4072 2366 4135 connaturalibus
2410 4072 2756 4135 hominibus

332 4192 517 4251 quam
546 4172 690 4251 quia
717 4170 832 4250 ipsi
858 4172 1110 4249 gratiam
1138 4172 1342 4247 dedit3
1383 4173 1574 4251 gratia
1600 4184 1804 4233 autem
1833 4175 1975 4234 data
2001 4184 2276 4233 naturam
2306 4191 2429 4234 non
2457 4170 2750 4233 immutat.

661 4311 693 4359 8
726 4318 777 4360 et
800 4326 877 4359 om
908 4311 953 4360 C
1244 4325 1307 4377 29
1340 4326 1590 4376 quemque
1618 4312 1663 4361 C
1724 4326 1875 4375 quam
1900 4310 2034 4376 quod
2073 4310 2122 4360 V
2139 4307 2148 4375 Ι
2178 4316 2338 4359 mutat
2371 4310 2426 4359 V.

412 4417 441 4444 ⁴
466 4418 543 4481 [S.
569 4419 705 4484 John
730 4417 761 4468 i.
790 4434 856 4483 49
878 4417 972 4484 sq.]
1050 4416 1219 4555 Ιιψὲἰὸ.
1244 4420 1309 4469 xi.
1332 4420 1439 4481 27.]
1522 4422 1555 4478 ,ἵ
1578 4418 1842 4549 [5.Ἣ1Μῗῐιῐῐι;
1862 4416 1961 4466 xvi.
1993 4416 2093 4480 16.]
2190 4420 2216 4477 5
2241 4418 2295 4466 S.
2321 4418 2468 4468 Matt.
2494 4415 2558 4467 iv.
2597 4432 2615 4467 1
2633 4430 2672 4467 ¹.

1142 4517 1179 4549 s.
1208 4516 1313 4548 vm.
1340 4512 1383 4561 5.
1777 4514 1804 4547 e
1846 4534 1857 4545 .
1884 4514 1935 4546 n.
1961 4513 2008 4561 9.

2373 4593 2575 4657 19—2

2795 1691 2866 1729 10

2793 2436 2864 2499 15

2790 2933 2864 2972 20

2787 3807 2857 3867 25
