3250 5025
305 382 608 468 1.6-9.]
1025 394 1110 447 IN
1157 395 1262 446 ΕΡ.
1311 396 1413 446 AD
1459 394 1929 448 TIMOTHEUM
1976 396 2021 448 1.
2649 391 2727 461 75

299 572 472 636 dens
525 578 780 654 quanta
823 567 1152 631 nociuitas
1198 567 1581 632 adnascitur
1626 566 1757 632 illis
1810 568 1925 652 qui
1974 586 2106 631 non
2152 566 2248 633 ita
2294 586 2450 651 erga
2480 569 2733 650 dogma

301 676 576 760 pietatis
606 675 1000 749 consistunt,
1033 672 1239 735 adicit
1269 696 1286 735 :

438 853 482 896 a
539 831 775 915 quibus
831 830 1106 913 quidam
1155 830 1503 894 excidentes
1559 830 1855 894 conuersi
1907 840 2068 895 sunt
2125 829 2198 895 in
2260 827 2729 913 uaniloquium,

305 938 583 1001 uolentes
631 957 760 1000 esse
817 936 978 1019 legis·
1033 935 1326 1013 doctores,
1377 957 1504 1000 non
1560 935 1983 1021 intellegentes
2034 958 2231 1020 neque
2280 958 2445 1020 quae
2488 936 2731 1015 dicunt,

306 1062 505 1125 neque
533 1041 609 1104 de
637 1038 872 1123 quibus
897 1039 1280 1125 adfirmant.
1699 1040 1707 1047 ’
2807 1045 2838 1113 5

441 1169 716 1233 ‘horum
772 1167 1038 1252 (inquit)
1091 1168 1510 1251 diligentiam
1557 1170 1835 1252 quidam
1882 1169 1977 1233 sic
2022 1169 2341 1233 facientes
2391 1190 2431 1232 a
2482 1166 2734 1251 pietate

308 1275 584 1359 quidem
631 1274 844 1337 exteri
893 1282 1049 1337 sunt
1094 1273 1268 1349 facti,
1309 1295 1469 1356 erga
1510 1274 1969 1357 uaniloquium
2013 1295 2170 1337 uero
2218 1282 2535 1337 uacantes
2579 1292 2735 1336 con-

310 1378 578 1461 fingunt
631 1397 704 1440 se
755 1373 866 1441 illa
927 1398 1100 1459 quae
1153 1378 1318 1460 legis
1371 1389 1526 1443 sunt
1575 1379 1857 1456 docere;
1920 1381 2034 1464 qui
2090 1380 2295 1444 etiam
2347 1400 2519 1462 quae
2572 1400 2613 1442 a
2662 1398 2735 1443 se

308 1484 626 1546 dicuntur
655 1481 930 1543 minime
962 1479 1394 1563 intellegunt.'
1483 1492 1551 1546 et
1598 1483 1755 1565 quia
1787 1506 1921 1548 non
1963 1484 2318 1547 uerisimile
2363 1503 2508 1547 esse
2550 1482 2736 1547 uide-

309 1588 525 1663 batur,
561 1597 634 1650 ut
674 1607 806 1649 non
850 1586 1314 1669 intellegerent
1351 1588 1476 1669 ipsi
1508 1588 1594 1651 de
1636 1590 1878 1672 quibus
1916 1588 2165 1665 dicunt,
2196 1588 2453 1671 optime
2490 1586 2735 1651 adicit:
2771 1599 2851 1647 10

311 1690 614 1773 nequede
641 1689 876 1772 quibus
907 1690 1288 1773 adfirmant.
1377 1712 1532 1755 nam
1580 1695 1693 1775 qui
1743 1696 2017 1757 minime
2062 1693 2281 1757 sciunt
2325 1714 2448 1777 pro
2494 1693 2735 1775 quibus

313 1794 496 1877 loqui
558 1816 674 1859 eos
726 1797 1098 1873 conueniat,
1161 1796 1228 1859 hi
1290 1798 1557 1881 propria
1610 1799 1925 1863 uidentur
1986 1800 2312 1884 ignorare.
2403 1807 2472 1863 et
2526 1808 2600 1863 ut
2648 1819 2731 1863 ne

311 1899 652 1963 uideretur
680 1900 899 1983 legem
933 1902 1251 1979 incusare,
1282 1903 1488 1966 adicit
1515 1928 1530 1969 :

442 2067 682 2131 scimus
708 2068 1013 2151 quoniam
1045 2066 1206 2133 bona
1233 2080 1330 2135 est
1353 2070 1469 2149 lex,
1496 2070 1563 2135 si
1586 2071 1706 2153 qui
1728 2092 1870 2135 eam
1900 2072 2181 2155 legitime
2210 2080 2451 2136 utatur.

447 2196 653 2261 ‘haec
701 2208 928 2263 autem
983 2199 1220 2264 adsero
1272 2221 1406 2264 non
1460 2201 1679 2283 legem
1730 2202 2055 2279 incusam,
2110 2201 2227 2265 sed
2283 2198 2732 2282 insipientiam
2771 2210 2842 2278 15

314 2299 580 2363 illorum
641 2320 940 2383 argnem,
1002 2304 1114 2386 qui
1177 2304 1483 2367 nesciunt
1543 2324 1693 2368 eam
1755 2305 1989 2383 abuti3
2064 2304 2119 2367 si
2172 2324 2331 2373 uero
2384 2302 2531 2385 quis
2585 2322 2733 2366 eam

315 2404 562 2468 abusus
612 2403 805 2469 fuerit
872 2406 1044 2470 sicut
1103 2407 1436 2481 conuenit,
1499 2406 1700 2470 ualde
1760 2416 1829 2471 et
1894 2405 2091 2469 laude
2143 2405 2606 2487 dignissimam
2668 2414 2736 2469 et

313 2510 762 2575 uenerabilem
805 2510 1022 2596 legem
1071 2532 1218 2576 esse
1264 2510 1541 2594 recipi0.'
1652 2521 1719 2576 et
1768 2521 1843 2576 ut
1890 2533 1975 2576 ne
2018 2512 2330 2575 uideatur
2376 2528 2730 2573 conuersa-

316 2620 569 2682 tionem
601 2617 766 2701 legis
799 2619 1037 2681 iterum
1069 2615 1616 2680 subintroducere
1648 2617 1837 2699 quasi
1872 2637 1995 2679 usu
2028 2615 2274 2698 aliquo,
2308 2614 2550 2678 adicit:

448 2770 650 2834 sciens
675 2769 790 2833 hoc
828 2769 1138 2852 quoniam
1187 2771 1354 2835 iusto
1395 2770 1496 2834 lex
1531 2791 1657 2834 non
1696 2779 1794 2835 est
1828 2768 2121 2855 inposita,
2156 2766 2405 2850 iniquis
2432 2776 2649 2830 autem
2678 2776 2741 2830 et
2767 2783 2853 2830 20

420 2971 449 3019 3
481 2955 766 3005 aberrantes
790 2954 904 3018 (sor
922 2955 1054 3016 exc.)
1084 2956 1170 3004 Cr

319 3050 398 3084 om
421 3050 455 3084 r
473 3057 484 3066 ·
615 3051 670 3085 ια
708 3035 1008 3084 conueniant
1037 3035 1080 3084 C
1099 3035 1168 3084 Η
1180 3036 1328 3097 (corr)

321 3115 396 3166 uti
417 3133 449 3164 r
473 3115 481 3181 Ι
511 3117 694 3166 abusus
717 3131 828 3165 eam
857 3116 900 3167 C
962 3131 1080 3166 usus
1103 3132 1162 3165 ea
1185 3131 1218 3165 r

1365 2969 1394 3018 7
1427 2961 1526 3005 ext.
1553 2955 1585 3006 f.
1615 2972 1657 3005 S.
1683 2971 1715 3004 r
1906 2967 1939 3020 9
1973 2953 2211 3019 quoniam
2238 2951 2354 3015 (fhr
2382 2949 2519 3015 quia)
2542 2966 2576 3000 r
2602 2949 2611 3015 Ι
2637 2966 2741 3000 non

1499 3051 1558 3099 14
1591 3036 1633 3085 si
1657 3036 1769 3100 quis
1790 3051 1851 3086 ea
1877 3036 1967 3085 Cr
2028 3034 2109 3085 his
2131 3033 2215 3099 qui
2240 3049 2351 3083 eam
2374 3033 2443 3081 Η
2588 3029 2647 3081 16
2681 3047 2742 3081 ea

1410 3133 1475 3168 ἰο
1507 3133 1629 3166 uero
1652 3116 1766 3182 (for
1783 3115 1969 3180 autem)
1995 3117 2064 3165 Η

391 3293 438 3342 3.
503 3276 822 3339 excidentes]
865 3277 936 3327 So
995 3276 1214 3327 Clarom.
1239 3292 1253 3335 ;
1309 3277 1484 3335 Amb„

324 3358 590 3419 Ambrstr„
632 3359 804 3422 vulg..
840 3361 872 3384 ‘⁸
889 3357 1176 3407 aberrantes
1193 3355 1220 3380 '’
1255 3359 1360 3419 (see
1400 3373 1479 3406 vv.

325 3442 422 3502 11.).
494 3443 723 3499 Dic-una·
755 3441 932 3506 Vulg.‚
962 3439 1338 3506 “loquuntur.”

398 3539 418 3572 1
432 3539 472 3573 1.
544 3539 666 3572 nam
689 3522 782 3587 qui
795 3522 1001 3570 minime
1019 3523 1196 3582 sciunt,
1225 3521 1338 3582 &c.]
1373 3520 1418 3569 Ι.
1435 3535 1477 3571 e.

326 3619 533 3668 persons
557 3603 672 3654 who
709 3619 796 3652 are
831 3602 1064 3666 ignorant
1096 3601 1156 3651 os
1181 3601 1268 3651 the
1293 3600 1485 3664 subject

327 3702 395 3736 on
433 3687 598 3736 which
628 3687 749 3751 they
769 3685 1049 3735 undertake
1081 3691 1134 3734 to
1169 3683 1342 3748 speak,
1372 3698 1488 3746 may

329 3770 444 3819 well
484 3769 572 3819 fail
610 3777 664 3818 to
703 3767 1009 3818 understand
1047 3767 1132 3815 the
1167 3765 1402 3829 meaning
1435 3765 1496 3814 of

330 3847 459 3902 their
480 3867 596 3902 own
635 3852 800 3900 words
838 3852 904 3910 (ol
937 3851 1035 3912 γὰρ
1062 3847 1133 3908 μὴ
1163 3849 1338 3897 εἰδότες
1371 3849 1490 3910 ὑπὲρ

331 3936 474 3984 τίνων
523 3935 738 3991 λεκτέον,
773 3935 970 3982 τούτους
1019 3933 1142 3981 εἰκὸς
1181 3932 1262 3979 καὶ
1294 3931 1359 3980 τὰ
1391 3931 1488 3978 ἴδια

335 4015 564 4081 ἀγνοεῖν).

408 4113 479 4150 12.
539 4105 585 4148 et
595 4104 656 4147 ut
675 4113 740 4148 ne
754 4096 1006 4146 uideretur
1027 4094 1176 4159 legem
1192 4092 1316 4155 ina]
1341 4092 1490 4144 cited

336 4183 404 4246 by
449 4179 714 4236 lanfranc.
753 4178 854 4227 and
899 4175 1237 4242 paraphrased
1275 4175 1390 4224 thus
1423 4175 1493 4238 by

339 4265 530 4314 Robert
573 4261 634 4312 of
659 4259 1000 4324 Bridlington:
1042 4260 1076 4284 “
1095 4259 1195 4308 hoc
1225 4257 1343 4306 ideo
1375 4257 1492 4306 sub·

337 4344 498 4409 iungit
519 4359 584 4393 ne
609 4343 840 4392 uideatur
859 4341 1020 4404 legem
1043 4338 1268 4388 incusare
1285 4353 1374 4402 per
1395 4337 1494 4386 hoc

339 4427 474 4492 quod
491 4424 804 4475 denuntiauit
820 4437 852 4472 ο,
868 4419 1244 4486 quaestionibus
1266 4419 1390 4485 legis
1409 4419 1495 4468 ab·

339 4509 536 4558 stinere.
589 4517 638 4556 et
661 4513 734 4556 est
759 4519 944 4564 sensus,
975 4502 1230 4567 ‘quamuis
1248 4501 1496 4551 abstinere

1587 3279 1783 3328 iubeam
1807 3295 1838 3328 a
1854 3275 2257 3328 contentionibus
2280 3275 2420 3339 legiS,
2449 3281 2617 3324 tamen
2640 3289 2743 3324 non

1586 3362 1791 3411 destruo
1816 3361 1996 3423 legem,
2025 3360 2113 3408 sed
2144 3359 2247 3408 scio
2276 3373 2387 3407 eam
2418 3358 2601 3406 bonam
2637 3371 2743 3406 esse

1587 3441 1725 3489 omni
1758 3439 1952 3489 homini
1982 3439 2111 3488 bene
2141 3434 2334 3486 utenti.'
2352 3434 2381 3458 ”
2448 3435 2527 3486 Cf.
2555 3435 2741 3485 Thdt.=

1586 3523 1663 3572 ἵνα
1685 3520 1755 3583 μή
1786 3539 1859 3572 τις
1889 3519 2035 3570 αὐτὸν
2066 3517 2293 3580 ὑπολάβῃ
2323 3515 2409 3567 τοῦ
2430 3518 2575 3577 νόμον
2598 3535 2743 3577 narn·

1585 3607 1765 3668 γορεῖν.
1824 3602 1993 3655 Sedul.
2023 3604 2187 3654 Scot.:
2234 3607 2265 3628 ‘⁶
2285 3601 2381 3650 hoc
2404 3599 2525 3650 dicit
2548 3615 2611 3650 ne
2633 3599 2744 3665 quis

1587 3695 1785 3753 putaret
1806 3702 1923 3736 eum
1945 3700 2177 3750 spernere
2200 3681 2417 3748 legem.'’

1662 3782 1735 3832 15.
1803 3771 1918 3819 haec
1950 3773 2113 3818 autem
2151 3767 2334 3825 adsero,
2369 3763 2482 3825 &c.]
2549 3763 2741 3814 Thdt.:

1590 3850 1646 3900 οὗ
1679 3852 1750 3911 τῷ
1782 3849 1913 3910 νόμῳ
1952 3850 2219 3909 μέμφομαι,
2272 3844 2403 3896 ἀλλὰ
2447 3846 2547 3895 τοῖς
2590 3847 2747 3896 κακοῖς

1591 3935 1896 3985 διδασκάλοις
1918 3931 2004 3981 τοῦ
2018 3929 2177 3989 νόμου.

1659 4021 1681 4064 '1
1694 4019 1740 4066 8.
1788 4031 1849 4064 ne
1874 4008 2582 4072 uideatur...subintroducere]
2618 4009 2747 4059 Lan·

1590 4093 1747 4142 franc.

1662 4187 1739 4224 20.
1812 4169 2047 4236 inposita]
2092 4167 2159 4219 Ο.
2180 4169 2239 4218 L.
2266 4166 2368 4217 and
2390 4165 2561 4231 Vulg.,
2606 4167 2643 4192 ‘⁶
2662 4181 2750 4232 po-

1595 4251 1746 4303 sita.”
1832 4250 2031 4316 Im'quis
2051 4255 2099 4299 et
2126 4247 2319 4298 insubd.
2350 4264 2365 4308 ς
2404 4245 2575 4312 Vulg.‚
2622 4245 2749 4296 “in-

1597 4333 1739 4384 iustis
1794 4339 1845 4382 et
1896 4347 1999 4382 non
2055 4329 2239 4382 subd.”
2316 4331 2749 4388 Famam-ibus,-

1599 4417 1749 4482 Vulg.
1763 4453 1776 4472 ,
1802 4421 1833 4444 “
1852 4412 2178 4466 fornicariis.”
2237 4413 2548 4472 patricidiis,
2576 4414 2751 4464 matri-

1600 4497 1745 4546 cidii-5
1791 4496 1869 4556 (C,
1902 4495 1984 4558 Η)
2031 4511 2115 4545 are
2164 4495 2319 4544 found
2367 4493 2473 4544 also
2528 4494 2578 4543 in
2620 4494 2747 4544 Cod.
