3250 5025
303 348 354 411 Ι.
396 346 698 433 13—15.]

1034 360 1118 412 IN
1167 360 1272 411 ΕΡ.
1318 359 1422 409 AD
1466 358 1933 409 TIMOTHEUM
1981 360 2025 409 1.
2643 356 2727 421 79

297 540 560 596 tenerer
617 532 1058 616 persequendi
1119 540 1188 596 et
1239 530 1755 615 blasphemandi
1803 539 1871 593 et
1919 524 2343 593 contumeliis
2395 523 2725 589 afficiendi

298 655 414 699 eos
458 635 571 718 qui
603 636 671 698 in
703 635 892 700 illum
923 634 1315 701 credebant.’

1405 643 1476 697 et
1505 653 1926 716 exaggerans
1958 632 2119 695 illud
2154 630 2361 695 adicit
2388 653 2403 694 :

428 788 548 851 sed
589 787 1100 853 misericordiam
1143 798 1502 852 consecutus
1539 810 1703 864 sum,
1746 786 2053 869 quoniam
2088 784 2451 869 [ignorans]
2482 781 2627 867 feci
2654 783 2725 847 in

302 892 748 957 incredulitate
765 915 794 969 ,·
857 894 1412 976 superabundauit
1468 903 1683 956 autem
1725 892 1960 976 gratia
2006 891 2289 956 Domini
2344 888 2555 953 nostri
2580 908 2725 951 cum

281 996 428 1081 fide
455 1008 518 1061 et
543 998 828 1075 caritate,
861 1018 1024 1079 quae
1050 1008 1145 1062 est
1174 998 1244 1063 in
1279 996 1337 1064 C
1331 998 1540 1062 ltristo
1567 1000 1616 1062 I
1610 1020 1736 1062 esu.

439 1125 594 1187 ‘sed
643 1124 794 1188 talis
835 1124 1106 1207 quidem
1150 1144 1331 1188 eram
1378 1144 1545 1207 eg03
1593 1122 2116 1187 misericordiam
2154 1144 2312 1187 uero
2354 1122 2727 1198 adsecutuS‚

305 1226 550 1309 dignus
610 1228 878 1293 habitus
927 1249 1076 1292 sum
1127 1249 1544 1311 magnorum,
1609 1229 1761 1293 Deo
1813 1229 2066 1292 scilicet
2126 1238 2401 1311 peccata
2454 1227 2725 1311 quidem

305 1352 458 1395 mea
519 1333 932 1413 ignorantiae
992 1352 1181 1395 meae
1235 1334 1625 1415 deputante,
1680 1332 1984 1397 bonitate
2028 1352 2188 1395 uero
2235 1352 2355 1395 sua
2410 1332 2477 1395 in
2526 1330 2727 1393 fidem

305 1444 374 1499 et
420 1435 764 1498 caritatem
799 1434 1192 1517 recipiente.’

303 1640 486 1707 uisus
518 1652 621 1706 est
651 1641 975 1721 retulisse,
1008 1643 1342 1706 adiciens:

1284 1445 1354 1499 et
1401 1445 1761 1518 postquam
1808 1436 1894 1499 de
1936 1456 2007 1499 se
2052 1436 2303 1519 gratias
2350 1432 2607 1517 [agens]
2642 1434 2729 1498 ad

302 1538 946 1603 demonstrationem
971 1538 1478 1622 praedictorum,
1501 1542 1672 1605 sicut
1704 1541 1867 1619 dixi,
1890 1539 2003 1605 illa
2033 1561 2206 1624 quae
2237 1541 2322 1603 de
2362 1560 2434 1603 se
2466 1538 2730 1603 fuerunt
2765 1551 2842 1597 10

417 1794 618 1880 fidele
669 1794 934 1859 uerbum
983 1803 1048 1857 et
1093 1793 1278 1858 omni
1328 1794 1671 1877 acceptione
1719 1795 2017 1878 dignum,
2069 1796 2377 1878 quoniam
2431 1794 2733 1861 Christus

304 1901 490 1965 Iesus
518 1900 700 1964 uenit
737 1900 808 1963 in
849 1899 1168 1965 mundum
1199 1910 1554 1983 peccatores
1590 1901 1811 1965 saluos
1836 1902 2065 1984 facere
2080 1925 2111 1977 ,·
2156 1921 2433 1983 quorum
2464 1901 2733 1985 primus

306 2025 454 2069 sum
484 2024 612 2087 ego,

441 2138 714 2197 ‘uerum
769 2141 874 2197 est
922 2152 1100 2215 erg0,
1149 2132 1466 2215 quoniam
1523 2132 1829 2198 Christus
1888 2155 2011 2219 pro
2069 2143 2496 2218 peccatorum
2546 2140 2731 2203 uenit
2768 2152 2837 2219 15

309 2238 542 2315 salute,
603 2239 774 2301 sicut
833 2258 923 2301 ex
984 2256 1094 2301 me
1152 2246 1256 2301 est
1316 2238 1383 2301 id
1444 2238 1853 2321 perspicere.'
1922 2238 2123 2323 fidele
2186 2251 2412 2305 autem
2466 2244 2733 2306 uerbum

309 2344 559 2421 dieenS,
590 2362 824 2406 uerum
855 2343 1019 2406 dicit
1049 2342 1328 2407 uerbum
1353 2365 1368 2422 ;
1395 2344 1738 2425 acceptione
1768 2364 1996 2407 uerum
2029 2343 2307 2426 dig-num
2353 2346 2505 2408 ideo
2537 2347 2731 2423 dixit,

309 2468 390 2512 eo
421 2447 603 2532 quod
634 2447 852 2513 omnis
883 2448 1287 2532 quicumque
1317 2446 1514 2513 fuerit
1545 2447 1658 2515 ille
1693 2449 1981 2538 recipiet,
2024 2448 2299 2514 credens
2345 2451 2504 2534 quia
2546 2451 2733 2515 Deus

416 2628 435 2662 r
475 2611 724 2662 efficiendi
751 2611 796 2666 C

308 2691 340 2741 6
373 2707 596 2742 ueroom
627 2692 698 2742 Η
885 2705 912 2756 7
959 2693 1058 2743 Dei
1083 2693 1151 2744 Η

309 2789 354 2824 ιι.
377 2790 418 2824 s.
441 2775 512 2824 H
555 2775 780 2825 bonitate
803 2789 850 2826 u.
891 2789 1009 2826 suae
1031 2791 1066 2824 r
1088 2773 1098 2839 Ι
1127 2775 1180 2824 in
1215 2775 1313 2824 fide
1335 2783 1385 2825 et
1408 2777 1614 2826 caritate
1636 2776 1706 2825 H

935 2871 992 2906 η
1027 2855 1146 2920 quia
1170 2853 1284 2919 (ἡν
1302 2856 1561 2920 quoniam)
1586 2857 1655 2906 Η
1660 2872 1694 2905 r

791 2945 848 2997 17
884 2937 1066 2988 dicitur
1089 2935 1204 3002 (fhr
1222 2937 1365 2998 dicit)
1395 2939 1438 2988 C
1455 2939 1523 2988 Η
1579 2939 1774 2988 dicetur
1795 2955 1828 2988 r

308 2855 551 2916 adiciens)
583 2855 688 2906 add
703 2871 738 2904 r

310 2953 405 3002 ego
427 2953 538 2990 sum
560 2954 592 2987 r

379 3091 426 3138 3.
472 3075 847 3140 &noransfecij
881 3075 978 3126 See
997 3091 1080 3124 vv.
1101 3075 1155 3124 ll.
1191 3074 1303 3126 The
1326 3075 1476 3125 omis-

311 3157 424 3209 sion
453 3157 513 3208 of
539 3159 782 3222 &uorans
813 3159 857 3208 is
889 3159 1148 3222 evidently
1177 3159 1472 3220 accidental,

311 3243 448 3294 since
485 3243 634 3294 Thes
665 3250 922 3292 comment
957 3243 1122 3292 shews
1152 3243 1261 3292 that
1300 3242 1338 3291 it
1375 3257 1478 3292 was

312 3325 634 3388 represented
659 3325 714 3374 in
734 3323 814 3373 his
837 3331 960 3384 text,
983 3325 1082 3374 and
1106 3324 1194 3374 the
1218 3325 1369 3375 Latin
1390 3341 1476 3374 au-

312 3403 540 3454 thorities
557 3419 642 3453 are
664 3403 966 3452 unanimous
987 3402 1040 3452 in
1064 3403 1130 3452 its
1145 3403 1336 3453 favour.
1383 3404 1474 3453 In·

309 3486 660 3545 eredulitatem,
685 3485 772 3536 the
794 3485 1003 3550 reading
1019 3485 1079 3535 os
1099 3487 1155 3545 C,
1177 3501 1352 3536 occurs
1368 3486 1476 3535 also

312 3567 366 3618 in
388 3567 520 3617 Cod.
547 3567 791 3628 Clarom„
832 3568 955 3617 with
991 3567 1158 3617 which
1193 3582 1285 3616 our
1318 3574 1474 3616 trans-

311 3648 470 3699 lation
487 3649 530 3698 is
551 3664 609 3698 so
632 3648 770 3698 osten
788 3656 840 3698 at
861 3663 976 3698 one.
1047 3649 1270 3698 Caritate
1291 3648 1332 3696 is
1353 3648 1474 3698 here

311 3730 654 3794 unsupported
678 3729 744 3793 by
767 3729 853 3779 the
875 3729 1027 3779 Latin
1047 3729 1288 3786 versionS,
1306 3729 1474 3779 which

312 3811 442 3862 have
471 3813 508 3837 ‘⁸
524 3810 796 3860 dilectione
811 3808 842 3832 ”
867 3809 952 3870 (cf.
977 3823 1014 3859 1.
1040 3827 1089 3875 p.
1114 3809 1240 3874 xlii).

385 3905 461 3941 10.
516 3891 643 3939 siem
660 3889 794 3951 dixi]
828 3889 1091 3954 Cf.supra,
1122 3905 1173 3954 p.
1193 3889 1269 3953 78,
1293 3887 1326 3938 l.
1348 3899 1375 3950 5
1395 3903 1471 3953 sq.

311 3972 425 4023 The
463 3971 683 4036 changes
719 3971 746 4022 1
782 3972 912 4022 have
955 3973 1103 4022 made
1135 3987 1272 4022 seem
1317 3979 1372 4021 to
1406 3972 1473 4021 be

311 4051 544 4117 required
577 4051 644 4115 by
665 4051 751 4102 the
773 4065 934 4102 sense.
1001 4050 1084 4101 Cf.
1109 4049 1292 4101 Thdt.=
1325 4049 1473 4100 οὕτως

311 4135 378 4183 τὰ
397 4131 508 4183 καθ’
529 4133 704 4182 ἑαυτὸν
736 4134 997 4196 γυμνώσας
1029 4133 1263 4182 δείκνυσιν
1293 4135 1473 4195 ταύτην

315 4218 468 4268 πᾶσιν
499 4216 815 4278 προκειμένην
835 4213 927 4275 τὴν
959 4215 1120 4279 χάριν.

386 4311 464 4349 12.
515 4296 671 4362 fidele
690 4295 922 4358 uerbum]
973 4297 1024 4347 It
1045 4295 1218 4347 would
1239 4295 1304 4347 be
1325 4297 1475 4347 inter-

314 4379 480 4445 esting
499 4387 556 4430 to
575 4379 732 4430 know
753 4379 978 4430 whether
994 4393 1088 4429 our
1100 4379 1366 4429 translator
1385 4379 1478 4429 has

316 4461 436 4512 here
471 4461 728 4512 corrected
752 4459 840 4511 the
873 4460 938 4510 Ο.
967 4459 1030 4511 L.
1056 4459 1136 4510 for
1172 4459 1388 4522 himself,
1421 4474 1478 4509 or

913 2625 941 2662 a
977 2613 1048 2663 ait
1068 2613 1185 2676 (for
1204 2613 1376 2672 adicit)
1402 2631 1434 2664 r
1534 2630 1563 2678 3
1599 2614 1836 2678 ignorans
1858 2631 1936 2662 om
1965 2613 2090 2664 CH
2200 2632 2232 2678 4
2264 2615 2666 2664 incredulitatem
2694 2615 2739 2664 C

1317 2697 1348 2745 8
1382 2695 1645 2760 deputanti
1674 2695 1799 2744 CH
1816 2692 1825 2759 Ι
1854 2694 2079 2744 bonitate
2100 2710 2149 2744 u.
2178 2710 2321 2744 suam
2349 2695 2393 2744 C
2456 2693 2735 2744 bonitatem

1906 2791 1967 2826 ro
2000 2775 2128 2824 dixit
2154 2775 2241 2824 Cr
2438 2789 2491 2826 11
2530 2775 2601 2826 ait
2641 2777 2741 2840 (ast

1906 2872 1963 2920 ¹3
1996 2859 2050 2906 in
2086 2857 2219 2908 hunc
2244 2857 2418 2906 mund.
2443 2873 2477 2906 r
2676 2873 2735 2921 14

1579 3077 1672 3127 has
1694 3078 1825 3128 been
1846 3075 2127 3127 influenced
2150 3075 2219 3141 by
2236 3075 2482 3142 Jerome’s
2497 3079 2735 3130 criticism

1579 3157 1672 3222 (ep.
1702 3175 1794 3221 24²
1836 3157 1991 3207 “illis
2014 3159 2213 3223 placeat
2234 3159 2494 3208 humanus
2515 3175 2729 3210 sermv...

1577 3255 1672 3288 nos
1694 3255 1806 3290 cum
1830 3240 2037 3303 graecis,
2061 3240 2115 3289 id
2137 3246 2227 3300 est,
2256 3256 2371 3290 cum
2394 3241 2627 3305 apostolo
2647 3243 2735 3306 qui

1575 3335 1755 3384 graece
1772 3320 1969 3370 locutus
1986 3329 2079 3378 est,
2098 3337 2318 3372 erremus
2316 3322 2487 3386 fidelis·
2506 3321 2733 3388 smnffl).

1577 3399 1683 3449 His
1712 3399 2084 3450 characteristic
2106 3417 2195 3451 use
2224 3401 2285 3450 of
2314 3401 2737 3465 uerbum=7x6702

1573 3481 1618 3530 is
1656 3482 1711 3530 in
1754 3481 1932 3530 favour
1953 3481 2013 3531 of
2042 3482 2127 3531 the
2162 3483 2346 3531 former
2379 3484 2729 3547 suppositi0n;

1573 3573 1739 3623 comp.
1790 3559 2027 3608 however
2084 3569 2121 3607 1.
2180 3573 2230 3621 p.
2286 3557 2406 3617 xliv,
2468 3558 2545 3607 sor
2594 3575 2734 3610 some

1576 3639 1799 3704 scarcely
1840 3639 2073 3708 doubtful
2117 3639 2371 3688 instances
2408 3639 2467 3688 of
2488 3640 2735 3704 Jerome’s

1573 3720 1821 3771 influence
1864 3721 1917 3772 in
1962 3723 2108 3771 other
2146 3731 2283 3787 parts
2326 3725 2387 3774 of
2424 3725 2521 3776 this
2571 3727 2729 3777 work.

1579 3804 1845 3864 Quoniam,
1884 3817 1941 3852 so
1969 3802 2222 3864 Clarom.;
2268 3804 2387 3868 quia
2411 3806 2518 3867 (H)
2542 3806 2583 3856 is
2604 3807 2734 3856 from

1573 3884 1661 3933 the
1684 3882 1837 3946 Vulg.
1864 3881 1947 3942 (cs.
1972 3893 2010 3931 1.
2034 3898 2085 3947 p.
2110 3883 2302 3944 xxxiii).
2364 3885 2489 3933 Sum
2512 3901 2595 3948 ego
2628 3885 2735 3950 (the

1575 3967 1679 4018 Gk.
1730 3965 1912 4030 order),
1968 3981 2027 4016 so
2070 3967 2332 4027 Clarom.;
2368 3967 2539 4034 Vulg„
2587 3973 2617 3997 ‘⁸
2638 3985 2736 4034 ego

1573 4047 1733 4099 sum.'’

1650 4140 1724 4192 17.
1790 4143 1969 4177 uerum
1990 4129 2111 4178 dicit
2130 4129 2356 4192 uerbum]
2404 4129 2591 4180 Thdt.=
2626 4132 2737 4182 ἀντὶ

1577 4205 1666 4259 τοῦ
1688 4205 1897 4272 ἀψευδὴς
1914 4209 1993 4257 καὶ
2014 4206 2208 4270 ἀληθής.

1650 4305 1669 4339 1
1678 4291 1726 4341 8.
1812 4293 1989 4341 ommis.
2000 4329 2011 4341 .
2022 4293 2253 4356 ,recipiet
2263 4331 2273 4342 .
2283 4293 2589 4358 delectatur]
2654 4295 2737 4345 Cf.

1581 4372 1753 4436 Pelag.
1780 4369 2037 4431 (followed
2059 4373 2128 4438 by
2152 4375 2434 4435 Primasius,
2457 4374 2737 4439 Sedulius):

1586 4457 1622 4482 ‘⁴
1642 4471 1791 4520 quem
1834 4471 2013 4507 omnes
2053 4457 2263 4508 credunt
2296 4467 2346 4510 et
2392 4474 2568 4510 omnes
2622 4475 2745 4510 oon.
