3250 5025
484 369 600 431 168
1142 376 1598 428 TrissonoRus
1649 376 2234 428 MOPSUESTENus
2652 360 2759 446 [V.
2800 377 2891 440 17.

473 559 613 612 erat
643 549 874 633 quales
915 569 1060 613 esse
1100 549 1454 612 conueniat
1492 548 1935 630 presbyteros,
1973 549 2061 611 de
2104 546 2439 630 obsequiis
2475 567 2635 610 uero
2664 565 2892 610 eorum

475 652 579 715 uel
614 653 946 716 alimentis
980 651 1140 715 nihil
1175 652 1390 715 fuerat
1423 660 1855 728 memoratu3‚
1888 661 1957 715 et
1998 653 2271 734 quidem
2305 650 2433 715 illis
2465 653 2627 734 ipsis
2658 670 2891 716 secun·

476 756 638 818 dum
671 755 832 819 illud
881 765 1150 840 tempus
1198 755 1713 819 sollicitudinem
1748 755 2177 820 ecclesiarum
2212 756 2643 839 implentibus
2665 779 2681 836 ;
2724 757 2894 821 bene

477 859 721 922 adiecit
752 870 817 923 et
849 860 935 923 de
965 859 1066 923 his
1093 880 1108 923 :

413 1045 444 1112 5
607 1005 725 1089 qui
751 1005 898 1069 bene
909 1012 1227 1087 praesunt
1239 1001 1616 1084 presbyteri,
1647 1000 1891 1084 duplici
1914 1001 2150 1066 honore
2174 1002 2369 1086 digni
2395 1002 2772 1068 habeantur.

612 1129 1014 1216 ‘duplicem’
1047 1133 1274 1196 dicens
1317 1129 1753 1212 multiplicem
1800 1130 1979 1194 dicit.
2074 1151 2229 1195 nam
2263 1131 2727 1216 ‘presbyteros
2770 1131 2898 1213 (in-

479 1238 652 1321 quit)
685 1240 888 1301 etiam
921 1237 1187 1300 maioris
1232 1236 1631 1318 prouisionis
1676 1235 1916 1316 dignos
1953 1244 2259 1317 oportere
2304 1236 2692 1300 existimare
2724 1236 2899 1298 iusta

480 1341 781 1423 deposcit
811 1339 1016 1402 rati0.’
1107 1339 1286 1401 unde
1316 1347 1384 1400 et
1427 1337 1705 1400 adiecit:
1749 1336 1870 1418 qui
1910 1336 2057 1398 bene
2085 1348 2423 1418 praesunt.
2500 1340 2622 1403 sed
2656 1361 2778 1404 nec
2811 1342 2898 1404 de

482 1445 739 1507 illorum
770 1443 1193 1525 prouidentia
1222 1440 1528 1504 absolute
1558 1442 1749 1515 dixit,
1784 1441 1898 1522 qui
1931 1441 1998 1503 in
2028 1441 2260 1504 ordine
2291 1451 2358 1505 et
2387 1444 2599 1526 gradu
2631 1453 2894 1506 tantum

377 1577 454 1622 10
479 1554 633 1610 sunt
692 1547 1228 1628 presbyterorum
1255 1565 1270 1620 ;
1347 1544 1462 1606 sed
1527 1545 1612 1606 de
1674 1543 1803 1626 illis
1864 1545 1977 1625 qui
2032 1545 2280 1626 gradus
2330 1545 2430 1608 sui
2480 1544 2894 1609 functionem

479 1651 750 1733 implere
781 1660 979 1732 prout
1007 1649 1322 1712 conuenit
1353 1635 1678 1711 uidentur.
1770 1649 1948 1711 unde
1981 1659 2048 1712 et
2078 1649 2367 1714 adiecit:

611 1795 890 1860 maxime
916 1795 1035 1877 qui
1060 1793 1361 1859 laborant
1389 1794 1457 1856 in
1491 1795 1679 1858 uerbo
1707 1803 1771 1857 et
1797 1793 2111 1858 doctrina.

611 1945 745 1988 non
806 1920 1112 1987 absolute
1169 1922 1293 1986 hos
1353 1922 1594 2005 dignos
1670 1943 1817 1985 esse
1891 1921 2315 2005 prouidentia
2367 1923 2561 2002 dixit,
2619 1925 2736 1989 sed
2788 1924 2900 1986 illa

483 2029 735 2092 ratione
767 2049 902 2110 qua
940 2028 1299 2109 plurimum
1331 2027 1629 2092 laborem
1673 2029 2081 2110 expendant,
2114 2028 2169 2092 si
2215 2037 2443 2092 tamen
2485 2038 2559 2093 ut
2590 2029 2902 2094 conuenit

379 2165 447 2230 15
482 2135 824 2199 doctrinae
854 2154 1023 2215 opus
1056 2133 1332 2216 implere
1366 2130 1715 2208 noluerint,
1748 2134 1843 2196 ita
1874 2142 1949 2196 ut
1980 2132 2047 2195 in
2079 2153 2437 2197 commune
2477 2131 2562 2196 de
2592 2134 2905 2196 omnibus

483 2239 996 2302 sollicitudinem
1046 2237 1458 2321 impendant,
1503 2257 1581 2301 ac
1630 2237 1919 2303 doceant
1968 2259 2083 2300 eos
2130 2237 2242 2301 illa
2289 2236 2503 2302 facere
2548 2237 2719 2320 quae
2763 2237 2902 2302 fieri

484 2352 832 2425 oportent;
894 2354 962 2408 et
1015 2355 1088 2409 ut
1138 2345 1224 2409 de
1271 2346 1548 2429 singulis
1601 2347 1887 2423 solliciti,
1938 2347 2225 2411 multum
2268 2347 2567 2411 habeant
2616 2369 2901 2431 agonem

485 2458 556 2510 ut
609 2469 1153 2534 unumquemque
1198 2451 1486 2515 consiliis
1529 2453 1803 2535 optimis
1850 2460 1918 2516 et
1972 2451 2555 2517 exhortationibus
2605 2454 2690 2517 ad
2738 2452 2899 2517 illud

484 2554 664 2634 quod
712 2554 954 2617 decens
1000 2566 1102 2618 est
1148 2556 1501 2619 adducant.
1591 2556 1685 2618 sic
1728 2556 1903 2619 enim
1952 2565 2020 2619 et
2056 2556 2236 2620 beati
2267 2558 2552 2639 apostoli
2596 2558 2908 2621 uidentur

375 2692 460 2738 20
485 2657 828 2720 doctrinae
871 2677 1040 2739 opus
1087 2659 1396 2720 omnibus
1452 2657 1765 2739 operibus
1812 2659 2289 2740 anteposuisse.
2406 2661 2585 2723 unde
2634 2670 2701 2724 et
2749 2683 2907 2726 con-

486 2761 923 2843 templatione
973 2764 1322 2825 uiduarum
1370 2761 1735 2843 aliquando
1781 2762 2019 2825 oborta
2064 2764 2534 2837 controuersia,
2587 2765 2906 2829 dixerunt

487 2874 501 2899 ⁴
529 2888 660 2930 non
706 2888 848 2930 esse
890 2868 1167 2949 dignum
1219 2866 1667 2947 relinquentes
1714 2887 1787 2929 se
1828 2866 2107 2930 uerbum
2156 2866 2500 2930 doctrinae
2532 2868 2909 2932 ministrare

586 3049 617 3093 4
647 3029 800 3078 adicit
830 3029 874 3077 C
893 3044 925 3075 r
1148 3026 1182 3076 6
1217 3026 1458 3090 intellegit
1484 3024 1598 3090 (for
1617 3022 1759 3089 dicit)
1785 3040 1817 3072 r
2068 3036 2095 3087 7
2130 3024 2405 3073 existimari
2432 3025 2643 3086 cumr)
2874 3030 2906 3077 8

485 3110 638 3159 adicit
661 3126 693 3158 r
915 3126 967 3158 11
1006 3108 1156 3156 adicit
1187 3108 1231 3156 C
1249 3122 1280 3155 r
1503 3120 1557 3167 ¹5
1595 3104 1645 3152 in
1668 3104 1923 3153 communi
1952 3102 2030 3153 C*
2054 3119 2087 3152 r
2284 3115 2342 3166 17
2378 3112 2579 3168 oportet
2602 3120 2634 3152 r
2846 3121 2901 3155 αι

485 3192 661 3239 aborta
683 3190 750 3237 H
763 3189 843 3252 [cf.
875 3201 909 3238 1.
941 3204 991 3253 p.
1023 3203 1129 3251 197,
1155 3188 1189 3235 l.
1219 3202 1261 3251 7,
1290 3201 1368 3236 vv.
1393 3185 1472 3248 ll.]
1501 3183 1509 3250 Ι
1540 3185 1862 3235 contentione
1880 3184 1995 3248 (sbr-
2014 3183 2372 3244 controuersia)
2393 3184 2462 3233 Η
2464 3199 2499 3232 r
2667 3198 2727 3232 αα
2760 3183 2910 3233 relin-

488 3287 640 3337 quere
663 3280 713 3320 et
741 3270 1018 3320 ministrare
1041 3272 1082 3318 C
1107 3271 1253 3330 (corr)

553 3424 601 3475 6.
679 3424 946 3486 ‘duplicem
967 3420 980 3443 '
999 3421 1177 3481 dicens,
1211 3418 1301 3469 Sne.
1352 3419 1424 3469 So
1461 3418 1641 3481 Chrys.
1748 3422 1760 3443 ⁸
1783 3417 1867 3481 qui
1902 3416 2089 3467 habent
2114 3412 2364 3475 uerbum‚’
2382 3414 2470 3465 sed
2492 3414 2585 3480 qui
2604 3413 2834 3464 laboraret
2854 3414 2911 3464 in

489 3508 792 3573 doubtfully:
839 3508 1015 3565 διτλῆς
1057 3506 1144 3563 τῆς
1187 3504 1304 3567 πρὸς
1345 3503 1433 3550 τὰς
1475 3500 1647 3563 χήρας,

492 3589 519 3650 ἦ
575 3593 661 3651 τῆς
715 3592 831 3653 πρὸς
884 3590 992 3637 τοὺς
1047 3586 1306 3635 διακόνους·
1394 3580 1426 3642 ἣ
1479 3582 1649 3631 ἅπλῶς

495 3674 698 3732 “διτλῆς
735 3667 900 3729 ‘mais’
944 3662 1169 3727 πολλῆς
1225 3666 1389 3726 φησίν.
1455 3664 1647 3714 Thdt.:

490 3760 546 3805 τὸ
569 3757 623 3805 δὲ
657 3756 734 3802 ‘6-
759 3751 821 3801 τ.’
860 3753 965 3801 ἀντὶ
995 3752 1082 3798 τοῦ
1119 3750 1392 3797 πλείονος
1422 3747 1649 3795 τέθεικεν.

491 3839 564 3888 As
586 3845 641 3887 to
663 3836 750 3886 the
772 3850 915 3885 sense
937 3831 996 3882 os
1011 3827 1142 3889 τιμή,
1170 3844 1254 3879 see
1266 3826 1410 3877 Th.'s
1425 3826 1651 3877 remarks

490 3922 650 3970 above
705 3934 771 3968 on
834 3934 882 3966 v.
940 3932 986 3979 3,
1047 3914 1145 3963 and
1202 3927 1367 3976 comp.
1440 3912 1647 3975 Chrys:

490 4001 634 4063 τιμὴν
674 4002 884 4049 ἐνταῦθα
933 4000 1022 4057 τὴν
1070 3998 1328 4058 θεραπείαν
1372 3994 1527 4053 λέγει,
1564 3991 1655 4052 τὴν

493 4083 590 4133 τῶν
631 4082 906 4143 ἀναγκαίων
951 4082 1208 4142 χορηγίαν.
1277 4077 1396 4126 Add
1449 4076 1652 4139 Jerome

489 4174 559 4229 ep.
607 4178 722 4223 123:
763 4166 798 4189 ‘⁶
821 4160 1182 4213 ‘honor’...uel
1219 4174 1310 4225 pro
1337 4159 1653 4220 eleemosyna

491 4246 572 4295 uel
613 4260 704 4309 pro
753 4258 958 4293 munere
1003 4240 1261 4305 accipitur,
1306 4246 1360 4288 ut
1405 4246 1482 4287 est
1527 4238 1652 4287 illud

483 4326 758 4393 presbyteri
774 4322 1014 4389 duplr'ci,'’
1038 4324 1127 4372 δίο.

559 4414 607 4461 8.
673 4402 759 4458 sed
787 4424 871 4457 nec
901 4408 960 4456 de
991 4406 1213 4463 illorum,
1252 4402 1370 4464 δια]
1428 4402 1510 4452 Cf.
1561 4402 1653 4451 Pe·

495 4496 626 4558 lag.:
668 4493 820 4540 “non
855 4488 982 4539 dixit
1011 4486 1235 4537 omniurn
1275 4486 1384 4549 [leg.
1424 4483 1653 4545 omnino]

1749 3498 1947 3549 uerba.’'

1816 3598 1892 3645 15.
1958 3580 2209 3630 doctrinae
2240 3588 2377 3645 opus,
2414 3578 2529 3641 &c.]
2586 3577 2668 3627 Cf.
2708 3580 2911 3644 Chrys:

1750 3659 1843 3712 τοῦ
1886 3659 1966 3711 νῦν
2003 3664 2123 3711 eleb·
2159 3663 2203 3711 οὶ
2241 3664 2467 3723 λέγοντες
2508 3664 2577 3722 μὴ
2621 3662 2721 3709 δεῖν
2760 3663 2913 3723 λόγου

1750 3746 1871 3804 μηδὲ
1894 3745 2233 3804 διδασκαλίαςς
2257 3743 2438 3793 Thdt.=
2472 3738 2620 3792 οὕτως
2642 3742 2915 3801 ἀξιέπαινον

1752 3825 1834 3887 τῆς
1858 3827 2169 3875 διδασκαλίας
2190 3825 2247 3873 τὸ
2270 3821 2454 3886 χρῆμα.

1821 3927 1899 3961 22.
1969 3914 1981 3936 ⁴
2003 3924 2103 3958 non
2133 3924 2228 3957 esse
2245 3906 2500 3973 dtknumss
2523 3908 2641 3969 δια]
2698 3908 2823 3957 Acts
2846 3906 2913 3955 vi.

1755 4009 1800 4042 α.
1870 3991 2219 4055 Relinquenta·
2320 3990 2612 4039 ministrare
2667 3991 2913 4049 (καταλεί-

1756 4076 2013 4137 ψαντας...
2036 4072 2301 4133 διακονεῖν).
2378 4070 2449 4120 So
2494 4070 2558 4119 Ο.
2593 4070 2687 4126 L.;
2740 4068 2913 4134 Vulg..

1760 4158 1795 4181 “
1814 4154 2156 4219 derelinquere
2176 4191 2293 4203 ......
2313 4160 2364 4202 et
2428 4151 2710 4201 ministrare
2726 4149 2756 4172 ’²
2826 4149 2907 4214 (cs.

1754 4246 1925 4303 supra,
1952 4252 2033 4285 vv.
2055 4234 2153 4299 11.).
2176 4234 2277 4283 Th.
2300 4248 2462 4285 seems
2492 4241 2545 4283 to
2565 4233 2693 4282 have
2715 4232 2913 4282 written

1758 4316 1881 4367 with
1924 4314 2293 4366 characteristic
2328 4313 2640 4363 inexactness
2670 4308 2802 4371 ἄξιον
2840 4312 2915 4361 for

1758 4394 1974 4458 ἅρεστόν,
2003 4395 2103 4445 and
2138 4392 2223 4453 τῆς
2246 4394 2557 4442 διδασκαλίας
2578 4392 2656 4442 sor
2678 4388 2763 4441 τοῦ
2789 4389 2915 4440 θεοῦ.

1760 4480 1856 4530 See
1878 4494 1930 4544 p.
1960 4491 2069 4541 152,
2094 4478 2129 4527 1.
2156 4476 2233 4534 26,
2259 4484 2391 4526 note.
